3059 5125
53 1582 156 1633 19

65 2171 154 2222 15

73 2774 158 2826 20

1163 306 1545 370 —1—
2367 311 2488 374 407

201 483 522 582 ἔθαψαν,
575 489 708 555 τῶν
764 485 873 557 καὶ
924 480 1375 563 Ποσειδώνιος
1425 483 1537 555 καὶ
1573 470 2099 583 Ἀμομφάρετος
2148 484 2322 582 ἦσαν
2385 485 2495 557 καὶ
2590 509 2595 515 ·

204 602 568 677 Φιλοκύων
614 628 697 678 τε,
737 604 846 675 καὶ
883 599 1385 702 Καλλικράτης.
1472 602 1545 675 ἐν
1605 601 1724 697 μὲν
1774 603 1861 701 δὴ
1919 601 2018 675 ἑνὶ
2068 609 2201 674 τῶν
2255 603 2490 700 τάφων

201 726 396 823 ἦσαν
435 724 498 796 οἱ
535 721 780 823 ἰρένες,
835 721 905 795 ἐν
944 719 1018 794 δὲ
1051 725 1155 820 τῷ
1196 721 1411 822 ἑτέρῳ
1448 723 1510 793 οἱ
1548 720 1744 795 ἄλλοι
1773 720 2230 822 Σπαρτιῆται,
2285 722 2356 796 ἐν
2416 721 2495 798 δέ

201 847 318 941 τῷ
348 848 552 943 τρίτῳ
591 844 654 914 οἱ
688 839 986 923 εἵλωτες.
1068 841 1252 914 οὗτοι
1289 839 1408 935 μὲν
1448 840 1626 914 οὕτω
1664 840 1961 915 ἔθαπτον
1983 900 2002 931 ,
2053 839 2381 943 Τεγεῆται
2414 842 2494 916 δὲ

202 966 436 1064 χωρὶς
464 960 720 1044 πάντας
772 959 1013 1050 ἀλέας,
1067 965 1177 1034 καὶ
1202 949 1575 1060 Ἀθηναῖοι
1623 962 1780 1042 τοὺς
1814 961 2082 1036 ἑωυτῶν
2121 961 2292 1058 ὁμοῦ
2315 1019 2334 1052 ,
2384 965 2494 1037 καὶ

203 1079 573 1182 Μεγαρέες
605 1106 679 1155 τε
721 1083 832 1155 καὶ
867 1077 1174 1156 Φλιάσιοι
1221 1081 1379 1162 τοὺς
1415 1079 1546 1154 ὑπὸ
1579 1089 1703 1181 τῆς
1742 1078 1942 1154 ἵππου
1977 1081 2489 1182 διαφθαρέντας.

199 1205 475 1276 τούτων
528 1199 650 1296 μὲν
711 1203 798 1300 δὴ
847 1201 1118 1274 πάντων
1155 1199 1451 1300 πλήρεες
1485 1199 1795 1297 ἐγένοντο
1832 1202 1895 1272 οἱ
1930 1202 2169 1298 τάφοι·
2243 1208 2377 1274 τῶν
2417 1200 2494 1276 δὲ

202 1322 448 1398 ἄλλων
506 1321 652 1395 ὅσοι
705 1323 815 1394 καὶ
864 1325 1210 1418 φαίνονται
1237 1320 1332 1394 έν
1371 1318 1756 1420 Πλαταιῇσι
1801 1319 2022 1401 ἐόντες
2048 1320 2280 1420 τάφοι,
2334 1322 2493 1395 τού-

201 1468 378 1525 τους
418 1443 530 1532 δέ,
588 1443 683 1522 ῶς
733 1439 869 1538 ἐγὼ
916 1438 1373 1535 πυνθάνομαι,
1425 1440 2040 1537 ἐπαισχυνομένους
2087 1444 2177 1541 τῇ
2215 1439 2502 1516 ἀπεστοῖ

201 1572 346 1664 τῆς
382 1562 616 1660 μάχης
649 1558 964 1643 ἑκάστους
998 1564 1290 1657 χώματα
1323 1567 1549 1657 χῶσαι
1597 1558 1777 1635 κεινὰ
1830 1567 1966 1631 τῶν
2004 1559 2489 1658 ἐπιγινομένων

201 1681 462 1756 εἵνεκεν
498 1678 877 1780 ἀνθρώπων
900 1738 919 1770 ,
975 1680 1123 1754 ἐπεὶ
1178 1681 1287 1751 καὶ
1319 1675 1736 1778 Αἰγινητέων
1787 1679 1927 1754 ἐστὶ
1971 1679 2210 1754 αὐτόθι
2248 1680 2489 1754 καλεό-

205 1827 420 1898 μενος
460 1800 705 1899 τάφος,
755 1802 867 1872 τὸν
920 1800 1058 1899 ἐγὼ
1108 1796 1332 1872 ἀκούω
1386 1801 1497 1872 καὶ
1547 1799 1712 1872 δέκα
1769 1798 1945 1873 ἔτεσι
1996 1798 2270 1900 ὕστερον
2323 1801 2492 1895 μετὰ

199 1924 427 1996 ταῦτα
462 1919 845 2021 δεηθέντων
880 1927 1017 1992 τῶν
1052 1915 1465 2019 Αἰγινητέων
1499 1925 1726 2016 χῶσαι
1762 1915 2085 2019 Κλεάδην
2120 1922 2231 1993 τὸν
2267 1915 2489 1994 Αύτο-
2540 2003 2551 2007 -

199 2043 400 2116 δίκου
434 2039 647 2141 ἄνδρα
684 2038 1053 2129 Πλαταιέα,
1088 2038 1431 2138 πρόξεινον
1470 2037 1670 2111 ἐόντα
1707 2036 1951 2112 αὐτῶν.

223 2257 230 2261 ⁶
358 2148 486 2243 Ὡς
520 2154 582 2233 δ’
629 2157 760 2261 ἄρα
797 2159 1061 2258 ἔθαψαν
1093 2160 1251 2240 τοὺς
1284 2160 1561 2258 νεκροὺς
1601 2157 1671 2231 έν
1712 2155 2095 2259 Πλαταιῇσι
2132 2148 2488 2261 οίσΕλλη-
2521 2166 2604 2229 86

201 2306 350 2371 νες,
387 2280 620 2354 αὐτίκα
658 2278 1204 2381 βουλευομένοισί
1253 2305 1371 2377 σφι
1407 2277 1649 2369 ,ἐδόκεε
1698 2278 2179 2378 στρατεύεσθαι
2225 2280 2334 2353 ἐπὶ
2369 2280 2491 2362 τὰς

205 2397 454 2500 Θήβας
487 2402 596 2472 καὶ
632 2398 944 2479 ἐξαιτέειν
984 2397 1207 2472 αὐτῶν
1249 2399 1407 2481 τοὺς
1445 2397 1892 2497 μηδίσαντας,
1941 2396 2010 2469 ἐν
2057 2404 2380 2498 πρώτοισι
2418 2398 2493 2473 δὲ
2573 2399 2576 2403 “

204 2519 438 2593 αὐτῶν
476 2515 928 2620 Τιμηγενίδην
967 2521 1077 2593 καὶ
1103 2512 1539 2616 Ἀτταγῖνον,
1597 2516 1660 2590 οἲ
1717 2513 2094 2618 ἀρχηγέται
2134 2517 2263 2596 ἀνὰ
2295 2526 2487 2621 πρῶ-

204 2665 371 2721 τους
423 2641 636 2739 ἦσαν·
715 2638 802 2737 ἢν
841 2635 915 2710 δὲ
952 2641 1048 2738 μὴ
1086 2638 1433 2727 ἐκδιδῶσι,
1491 2640 1590 2737 μὴ
1641 2635 2132 2714 ἀπανίστασθαι
2186 2637 2322 2713 ἀπὸ
2367 2649 2492 2741 τῆς

202 2758 449 2840 πόλιος
500 2762 825 2860 πρότερον
875 2758 922 2857 ἢ
970 2757 1269 2839 ἐξέλωσι.
1358 2760 1457 2840 ὡς
1507 2757 1585 2830 δέ
1632 2783 1751 2855 σφι
1787 2763 1999 2832 ταῦτα
2035 2757 2258 2850 ἔδοξε,
2310 2759 2489 2833 οὕτω

206 2880 298 2979 δὴ
341 2879 666 2977 ἑνδεκάτῃ
712 2878 943 2977 ἡμέρῃ
1000 2873 1136 2950 ἀπὸ
1185 2885 1310 2978 τῆς
1357 2876 1708 2979 συμβολῆς
1744 2875 2135 2973 ἀπικόμενοι
2172 2878 2488 2980 ἐπολιόρ-

206 3024 366 3072 κεον
404 2994 765 3099 Θηβαίους,
799 2996 1182 3078 κελεύοντες
1217 2996 1548 3070 ἐκδιδόναι
1583 2998 1743 3080 τοὺς
1780 2995 2030 3098 ἄνδρας
2052 3021 2067 3036 ·
2124 2995 2206 3070 οὐ
2245 2996 2488 3099 βουλο-

206 3119 434 3214 μένων
472 3116 548 3192 δέ
583 3125 715 3189 τῶν
754 3115 1074 3218 Θηβαίων
1110 3115 1475 3207 ἐκδιδόναι,
1511 3121 1638 3215 τήν
1673 3143 1746 3190 τε
1782 3126 1906 3219 γῆν
1944 3116 2164 3190 αὐτῶν
2202 3115 2487 3213 ἔταμνον

203 3240 323 3311 καὶ
357 3236 823 3340 προσέβαλλον
874 3240 1044 3336 πρὸς
1078 3238 1154 3309 τὸ
1190 3239 1434 3334 τεῖχος.
1507 3240 1618 3333 καὶ
1659 3235 1741 3309 οὐ
1777 3236 1903 3336 γὰρ
1940 3236 2270 3310 ἐπαύοντο
2309 3238 2489 3310 σινό-
2522 3237 2601 3300 87

520 3473 758 3547 Θηβαίων
785 3473 1055 3546 πολιορκία
1077 3474 1176 3529 ὑπὸ
1192 3472 1465 3546 Ἑλλήνων
1492 3474 1576 3530 ἐπὶ
1598 3477 1665 3550 τῇ
1680 3483 1783 3530 τῶν
1811 3475 2132 3549 μηδισάντων
2159 3474 2356 3531 ἐκδόσει

417 3669 468 3719 7.
506 3674 607 3720 τῶν
630 3666 686 3719 δὲ
712 3697 742 3707 -
769 3668 825 3719 11
858 3663 1142 3736 ἀνθρώπων
1164 3663 1488 3721 Plutarchus
1513 3683 1647 3721 mor.
1676 3683 1729 3738 p.
1762 3668 1825 3718 87
1833 3668 1864 3717 2

318 3789 364 3841 1.
402 3795 506 3841 τῶν
527 3788 632 3853 καὶ]
661 3794 762 3840 τῶν
787 3785 874 3841 Rb
932 3789 957 3853 ΙΙ
1011 3785 1322 3846 ποσειδόνιος
1346 3786 1402 3838 R
1459 3789 1482 3853 ΙΙ
1543 3786 1662 3842 ἔσαν
1686 3805 1714 3839 z
1758 3789 1793 3909 ἓ
1842 3790 1891 3840 3.
1934 3786 2090 3858 ἰρένες
2117 3786 2488 3867 ναὶοῑιεηαειξε

203 3878 222 3912 ι
257 3858 343 3916 έες
365 3859 494 3923 ΑΒ,
524 3857 677 3929 ἱερέες
701 3859 750 3919 b,
783 3855 913 3926 ἱρέες
938 3854 1103 3910 ceteri
1149 3858 1173 3921 ΙΙ
1219 3858 1269 3908 4.
1311 3854 1446 3909 οὕτω
1472 3857 1568 3926 μὲν
1594 3856 1734 3911 οὗτοι
1785 3853 1986 3928 θαφθεν
2010 3857 2069 3910 R
2127 3859 2149 3922 ΙΙ
2209 3859 2257 3909 5.
2299 3858 2491 3918 πάντας

233 3925 408 3995 θάψαν
429 3926 514 3980 Rz
535 3929 560 3992 11
584 3924 740 3985 αλέας
764 3927 892 3988 ΑΒ,
922 3924 1077 3985 ἀλέας
1101 3926 1132 3980 b
1155 3928 1180 3989 11
1201 3925 1322 3985 τοὺς
1348 3924 1554 3978 ἑωυτῶν
1582 3926 1715 3996 όμοῦ
1738 3942 1847 3980 om.
1876 3924 1933 3977 R
1955 3927 1977 3992 ΙΙ
2004 3926 2052 3977 7.
2080 3924 2301 3979 τουτέων
2334 3925 2439 3980 sz
2470 3926 2492 3996 ΙΙ

201 4003 312 4049 τῶν
337 3995 396 4048 δὲ
419 4023 448 4034 -
471 3995 502 4046 8
524 3995 679 4066 τάφοι
704 4012 810 4048 om.
840 3993 897 4046 R
942 3996 965 4059 11
1023 3995 1075 4047 8.
1114 3992 1300 4048 πλαταί
1340 4011 1407 4046 ισι
1428 3997 1539 4050 ΑΒ
1595 3997 1618 4061 ΙΙ
1677 3996 1727 4047 9.
1769 3994 1835 4065 δὴ
1859 4012 1887 4046 z
1941 3997 1963 4061 ΙΙ
2021 3992 2489 4068 ἀπαισχυνομένους

204 4063 401 4128 ABG,
447 4065 926 4136 ἀπεσχοινισμένους
962 4065 1022 4128 b,
1062 4013 1461 4135 atquvostvouc
1484 4063 1630 4118 Plut.
1695 4066 1719 4129 ΙΙ
1777 4062 2021 4117 άποεστοῖ
2044 4064 2103 4117 R
2148 4065 2171 4129 ΙΙ
2239 4064 2320 4117 10.
2362 4063 2489 4118 ἑκά-

205 4135 361 4268 ἳὶηἷ
384 4132 1221 4267 ““ιέ””ῗῶῗὲὲιὲπι“>γὲἓ’“ἳῖέ”ά”ἔεᾶἓ
1230 4132 1530 4257 334933·
1564 4131 1744 4268 5³⁹3?
1766 4125 2010 4273 292¹&ss
2024 4129 2175 4267 ¹3⁰5}
2198 4134 2354 4256 '¹⁶2¹ss
2383 4141 2488 4270 ἒῶἶ

209 4273 419 4327 έωῦτῶν
443 4288 471 4323 z
526 4273 551 4336 ΙΙ
621 4273 696 4322 15.
738 4270 795 4324 δὲ
820 4271 878 4326 R
934 4272 958 4335 ΙΙ
1015 4221 1309 4343 πλαταίητίσι
1332 4271 1463 4337 AB,
1492 4269 1789 4341 πλαταίησιν
1815 4272 1874 4325 R
1931 4272 1955 4337 ΙΙ
2017 4270 2095 4322 16.
2138 4268 2471 4339 βουλομένοισ

209 4359 238 4393 σ
281 4359 326 4394 ιν
357 4340 408 4394 C
450 4342 474 4406 ΙΙ
520 4338 802 4409 στρατεύειν
828 4339 993 4394 ΑΒΘ
1035 4342 1060 4405 ΙΙ
1122 4341 1203 4392 17.
1244 4339 1489 4394 αὐτέωνι
1535 4343 1559 4405 ΙΙ
1609 4341 1691 4391 18.
1731 4338 1975 4394 αύτέωνε
2021 4340 2045 4405 ΙΙ
2092 4337 2352 4393 άττατῖνον
2379 4340 2435 4394 P

213 4412 236 4462 1
279 4449 292 4462 .
337 4409 458 4462 ἕσαν
482 4427 509 4462 z
555 4412 578 4475 η
624 4407 725 4463 ἀπὸ
749 4440 779 4451 -
805 4412 871 4461 20
896 4408 1105 4470 ἐξέλωσι
1130 4425 1237 4462 om.
1270 4410 1327 4463 R
1384 4412 1407 4475 ΙΙ
1469 4411 1553 4462 21.
1596 4407 1862 4481 ἐνδεκάτηι
1889 4409 1937 4463 0
1969 4411 1993 4475 ΙΙ
2046 4408 2131 4460 23.
2171 4407 2365 4462 αὐτέων
2389 4425 2417 4461 z

212 4481 295 4532 24.
336 4477 656 4549 προσέβαλον
679 4479 711 4532 b
759 4480 781 4544 ΙΙ
830 4478 1106 4549 σινεόμενοι
1129 4476 1184 4529 R
