<?xml version="1.0" encoding="UTF-8"?>
<!DOCTYPE html PUBLIC "-//W3C//DTD XHTML 1.0 Transitional//EN"
    "http://www.w3.org/TR/xhtml1/DTD/xhtml1-transitional.dtd">
<html xmlns="http://www.w3.org/1999/xhtml" xml:lang="en" lang="en">
 <head>
  <title>
</title>
<meta http-equiv="Content-Type" content="text/html;charset=utf-8" />
  <meta name='ocr-system' content='tesseract 3.04.00' />
  <meta name='ocr-capabilities' content='ocr_page ocr_carea ocr_par ocr_line ocrx_word'/>
</head>
<body>
  <div class='ocr_page' id='page_1' title='image "./herodotihistori00unkngoog/herodotihistori00unkngoog_0605.png"; bbox 0 0 3059 5125; ppageno 0'>
   <div class='ocr_carea' id='block_1_1' title="bbox 1120 337 2456 403">
    <p class='ocr_par' dir='ltr' id='par_1_1' title="bbox 1120 337 2456 403">
     <span class='ocr_line' id='line_1_1' title="bbox 1120 337 2456 403; baseline 0.003 -4"><span class='ocrx_word' id='word_1_1' title='bbox 1120 337 1523 399; x_wconf 91' lang='lat' dir='ltr'>—E—</span> <span class='ocrx_word' id='word_1_2' title='bbox 2376 342 2456 403; x_wconf 80' lang='lat'>53</span> 
     </span>
    </p>
   </div>
   <div class='ocr_carea' id='block_1_2' title="bbox 126 508 2549 3597">
    <p class='ocr_par' dir='ltr' id='par_1_2' title="bbox 126 508 2549 3597">
     <span class='ocr_line' id='line_1_2' title="bbox 396 508 2205 612; baseline 0.002 -32"><span class='ocrx_word' id='word_1_3' title='bbox 396 508 602 580; x_wconf 77' lang='grc' dir='ltr'>ταῦτα’</span> <span class='ocrx_word' id='word_1_4' title='bbox 637 535 748 579; x_wconf 89' lang='grc' dir='ltr'>νυν</span> <span class='ocrx_word' id='word_1_5' title='bbox 785 511 859 581; x_wconf 82' lang='grc' dir='ltr'>εὖ</span> <span class='ocrx_word' id='word_1_6' title='bbox 893 510 1257 608; x_wconf 74' lang='grc' dir='ltr'>φράζεσθε,</span> <span class='ocrx_word' id='word_1_7' title='bbox 1299 508 1667 609; x_wconf 85' lang='grc' dir='ltr'>Κορίνθιοι,</span> <span class='ocrx_word' id='word_1_8' title='bbox 1706 511 1770 583; x_wconf 86' lang='grc' dir='ltr'>οἳ</span> <span class='ocrx_word' id='word_1_9' title='bbox 1805 516 1957 611; x_wconf 87' lang='grc' dir='ltr'>περὶ</span> <span class='ocrx_word' id='word_1_10' title='bbox 1994 513 2205 612; x_wconf 81' lang='grc' dir='ltr'>καλήν</span> 
     </span>
     <span class='ocr_line' id='line_1_3' title="bbox 400 628 1962 732; baseline 0.002 -31"><span class='ocrx_word' id='word_1_11' title='bbox 400 628 737 727; x_wconf 75' lang='grc' dir='ltr'>Πειρήνην</span> <span class='ocrx_word' id='word_1_12' title='bbox 783 630 1018 702; x_wconf 75' lang='grc' dir='ltr'><strong>οἰκεῖτε</strong></span> <span class='ocrx_word' id='word_1_13' title='bbox 1056 633 1166 701; x_wconf 88' lang='grc' dir='ltr'>καὶ</span> <span class='ocrx_word' id='word_1_14' title='bbox 1202 630 1573 730; x_wconf 77' lang='grc' dir='ltr'>ὀφρυόεντα</span> <span class='ocrx_word' id='word_1_15' title='bbox 1614 629 1962 732; x_wconf 81' lang='grc' dir='ltr'>Κόρινθον.</span> 
     </span>
     <span class='ocr_line' id='line_1_4' title="bbox 203 746 2542 854; baseline 0.002 -33"><span class='ocrx_word' id='word_1_16' title='bbox 203 755 388 821; x_wconf 82' lang='grc' dir='ltr'>τοῦτο</span> <span class='ocrx_word' id='word_1_17' title='bbox 456 746 575 843; x_wconf 84' lang='grc' dir='ltr'>μὲν</span> <span class='ocrx_word' id='word_1_18' title='bbox 647 749 734 846; x_wconf 84' lang='grc' dir='ltr'>δὴ</span> <span class='ocrx_word' id='word_1_19' title='bbox 811 752 980 822; x_wconf 81' lang='grc' dir='ltr'>τοῖσι</span> <span class='ocrx_word' id='word_1_20' title='bbox 1050 747 1481 848; x_wconf 80' lang='grc' dir='ltr'>Βακχιάδῃσι</span> <span class='ocrx_word' id='word_1_21' title='bbox 1550 755 1872 851; x_wconf 88' lang='grc' dir='ltr'>πρότερον</span> <span class='ocrx_word' id='word_1_22' title='bbox 1944 756 2297 849; x_wconf 90' lang='grc' dir='ltr'>γενόμενον</span> <span class='ocrx_word' id='word_1_23' title='bbox 2368 756 2454 854; x_wconf 82' lang='grc' dir='ltr'>ἧν</span> <span class='ocrx_word' id='word_1_24' title='bbox 2488 760 2542 845; x_wconf 88' lang='grc' dir='ltr'>γ)</span> 
     </span>
     <span class='ocr_line' id='line_1_5' title="bbox 206 864 2455 967; baseline 0.003 -28"><span class='ocrx_word' id='word_1_25' title='bbox 206 866 602 966; x_wconf 83' lang='grc' dir='ltr'>ἀτέκμαρτον</span> <span class='ocrx_word' id='word_1_26' title='bbox 628 891 643 905; x_wconf 91' lang='grc'>·</span> <span class='ocrx_word' id='word_1_27' title='bbox 720 870 871 940; x_wconf 92' lang='grc' dir='ltr'>τότε</span> <span class='ocrx_word' id='word_1_28' title='bbox 928 866 1003 939; x_wconf 82' lang='grc' dir='ltr'>δὲ</span> <span class='ocrx_word' id='word_1_29' title='bbox 1061 872 1137 940; x_wconf 82' lang='grc' dir='ltr'>τὸ</span> <span class='ocrx_word' id='word_1_30' title='bbox 1182 864 1502 941; x_wconf 85' lang='grc' dir='ltr'>Ἠετίωνι</span> <span class='ocrx_word' id='word_1_31' title='bbox 1553 874 1910 967; x_wconf 84' lang='grc' dir='ltr'>γενόμενον</span> <span class='ocrx_word' id='word_1_32' title='bbox 1962 876 2056 954; x_wconf 82' lang='grc' dir='ltr'>ὡς</span> <span class='ocrx_word' id='word_1_33' title='bbox 2103 873 2455 963; x_wconf 83' lang='grc' dir='ltr'>ἐπύθοντο,</span> 
     </span>
     <span class='ocr_line' id='line_1_6' title="bbox 149 983 2453 1088; baseline 0.006 -35"><span class='ocrx_word' id='word_1_34' title='bbox 149 1004 176 1052; x_wconf 80' lang='lat'><strong>5</strong></span> <span class='ocrx_word' id='word_1_35' title='bbox 205 988 427 1059; x_wconf 79' lang='grc' dir='ltr'>αὐτίκα</span> <span class='ocrx_word' id='word_1_36' title='bbox 460 990 566 1059; x_wconf 80' lang='grc' dir='ltr'>καὶ</span> <span class='ocrx_word' id='word_1_37' title='bbox 600 990 679 1059; x_wconf 82' lang='grc' dir='ltr'>τὸ</span> <span class='ocrx_word' id='word_1_38' title='bbox 714 990 1037 1087; x_wconf 90' lang='grc' dir='ltr'>πρότερον</span> <span class='ocrx_word' id='word_1_39' title='bbox 1077 996 1365 1088; x_wconf 76' lang='grc' dir='ltr'>συνῆκαν</span> <span class='ocrx_word' id='word_1_40' title='bbox 1427 989 1537 1061; x_wconf 81' lang='grc' dir='ltr'>ἐὸν</span> <span class='ocrx_word' id='word_1_41' title='bbox 1579 989 1878 1087; x_wconf 77' lang='grc' dir='ltr'>συνῳδὸν</span> <span class='ocrx_word' id='word_1_42' title='bbox 1921 993 2022 1088; x_wconf 80' lang='grc' dir='ltr'>τῷ</span> <span class='ocrx_word' id='word_1_43' title='bbox 2061 983 2453 1074; x_wconf 82' lang='grc' dir='ltr'>Ἠετίωνος.</span> 
     </span>
     <span class='ocr_line' id='line_1_7' title="bbox 205 1106 2455 1208; baseline 0.002 -29"><span class='ocrx_word' id='word_1_44' title='bbox 205 1107 490 1188; x_wconf 78' lang='grc' dir='ltr'>συνέντες</span> <span class='ocrx_word' id='word_1_45' title='bbox 536 1106 609 1178; x_wconf 80' lang='grc' dir='ltr'>δὲ</span> <span class='ocrx_word' id='word_1_46' title='bbox 663 1110 775 1178; x_wconf 84' lang='grc' dir='ltr'>καὶ</span> <span class='ocrx_word' id='word_1_47' title='bbox 819 1113 1014 1179; x_wconf 78' lang='grc' dir='ltr'>τοῦτο</span> <span class='ocrx_word' id='word_1_48' title='bbox 1051 1108 1234 1206; x_wconf 79' lang='grc' dir='ltr'>εἶχον</span> <span class='ocrx_word' id='word_1_49' title='bbox 1271 1109 1340 1180; x_wconf 80' lang='grc' dir='ltr'>ἐν</span> <span class='ocrx_word' id='word_1_50' title='bbox 1377 1111 1671 1208; x_wconf 79' lang='grc' dir='ltr'>ἡσυχίῃ,</span> <span class='ocrx_word' id='word_1_51' title='bbox 1727 1109 2077 1192; x_wconf 84' lang='grc' dir='ltr'>ἐθέλοντες</span> <span class='ocrx_word' id='word_1_52' title='bbox 2123 1115 2236 1184; x_wconf 80' lang='grc' dir='ltr'>τὸν</span> <span class='ocrx_word' id='word_1_53' title='bbox 2290 1111 2455 1205; x_wconf 88' lang='grc' dir='ltr'>μέλ-</span> 
     </span>
     <span class='ocr_line' id='line_1_8' title="bbox 205 1217 2455 1330; baseline 0.003 -33"><span class='ocrx_word' id='word_1_54' title='bbox 205 1226 396 1298; x_wconf 91' lang='grc' dir='ltr'>λοντα</span> <span class='ocrx_word' id='word_1_55' title='bbox 435 1217 750 1298; x_wconf 84' lang='grc' dir='ltr'>Ἠετίωνι</span> <span class='ocrx_word' id='word_1_56' title='bbox 813 1226 1114 1323; x_wconf 86' lang='grc' dir='ltr'>γίνεσθαι</span> <span class='ocrx_word' id='word_1_57' title='bbox 1167 1231 1363 1324; x_wconf 88' lang='grc' dir='ltr'>γόνον</span> <span class='ocrx_word' id='word_1_58' title='bbox 1413 1228 1815 1327; x_wconf 83' lang='grc' dir='ltr'>διαφθεῖραι.</span> <span class='ocrx_word' id='word_1_59' title='bbox 1909 1232 2004 1311; x_wconf 82' lang='grc' dir='ltr'>ὡς</span> <span class='ocrx_word' id='word_1_60' title='bbox 2055 1222 2112 1303; x_wconf 82' lang='grc' dir='ltr'>δ’</span> <span class='ocrx_word' id='word_1_61' title='bbox 2176 1230 2359 1303; x_wconf 83' lang='grc' dir='ltr'>ἔτεκε</span> <span class='ocrx_word' id='word_1_62' title='bbox 2407 1233 2455 1330; x_wconf 76' lang='grc' dir='ltr'>ἡ</span> 
     </span>
     <span class='ocr_line' id='line_1_9' title="bbox 204 1346 2454 1449; baseline 0.002 -33"><span class='ocrx_word' id='word_1_63' title='bbox 204 1349 357 1444; x_wconf 82' lang='grc' dir='ltr'>γυνὴ</span> <span class='ocrx_word' id='word_1_64' title='bbox 393 1346 708 1443; x_wconf 85' lang='grc' dir='ltr'>τάχιστα,</span> <span class='ocrx_word' id='word_1_65' title='bbox 758 1346 1099 1440; x_wconf 87' lang='grc' dir='ltr'>πέμπουσι</span> <span class='ocrx_word' id='word_1_66' title='bbox 1144 1346 1372 1443; x_wconf 88' lang='grc' dir='ltr'>σφέων</span> <span class='ocrx_word' id='word_1_67' title='bbox 1425 1347 1647 1419; x_wconf 84' lang='grc' dir='ltr'>αὐτῶν</span> <span class='ocrx_word' id='word_1_68' title='bbox 1687 1347 1844 1420; x_wconf 89' lang='grc' dir='ltr'>δέκα</span> <span class='ocrx_word' id='word_1_69' title='bbox 1879 1348 1947 1429; x_wconf 82' lang='grc' dir='ltr'>ές</span> <span class='ocrx_word' id='word_1_70' title='bbox 1982 1353 2093 1420; x_wconf 82' lang='grc' dir='ltr'>τὸν</span> <span class='ocrx_word' id='word_1_71' title='bbox 2131 1349 2348 1449; x_wconf 80' lang='grc' dir='ltr'>δῆμον</span> <span class='ocrx_word' id='word_1_72' title='bbox 2384 1349 2454 1422; x_wconf 81' lang='grc' dir='ltr'>ἐν</span> 
     </span>
     <span class='ocr_line' id='line_1_10' title="bbox 205 1453 2456 1565; baseline 0.002 -30"><span class='ocrx_word' id='word_1_73' title='bbox 205 1469 299 1562; x_wconf 78' lang='grc' dir='ltr'>τῷ</span> <span class='ocrx_word' id='word_1_74' title='bbox 339 1470 690 1565; x_wconf 78' lang='grc' dir='ltr'>κατοίκητο</span> <span class='ocrx_word' id='word_1_75' title='bbox 744 1466 780 1536; x_wconf 82' lang='grc' dir='ltr'>ό</span> <span class='ocrx_word' id='word_1_76' title='bbox 807 1453 1100 1537; x_wconf 83' lang='grc' dir='ltr'>Ἠετίων</span> <span class='ocrx_word' id='word_1_77' title='bbox 1157 1463 1684 1550; x_wconf 79' lang='grc' dir='ltr'>ἀποκτενέοντας</span> <span class='ocrx_word' id='word_1_78' title='bbox 1728 1471 1806 1540; x_wconf 81' lang='grc' dir='ltr'>τὸ</span> <span class='ocrx_word' id='word_1_79' title='bbox 1837 1468 2125 1540; x_wconf 84' lang='grc' dir='ltr'>παιδίον.</span> <span class='ocrx_word' id='word_1_80' title='bbox 2219 1465 2456 1541; x_wconf 89' lang='grc' dir='ltr'>ἀπικό-</span> 
     </span>
     <span class='ocr_line' id='line_1_11' title="bbox 126 1582 2455 1686; baseline 0.003 -36"><span class='ocrx_word' id='word_1_81' title='bbox 126 1600 177 1650; x_wconf 86' lang='grc' dir='ltr'>ιο</span> <span class='ocrx_word' id='word_1_82' title='bbox 211 1610 385 1678; x_wconf 82' lang='grc' dir='ltr'>μενοι</span> <span class='ocrx_word' id='word_1_83' title='bbox 417 1582 490 1655; x_wconf 86' lang='grc' dir='ltr'>δὲ</span> <span class='ocrx_word' id='word_1_84' title='bbox 526 1584 707 1655; x_wconf 83' lang='grc' dir='ltr'>οὗτοι</span> <span class='ocrx_word' id='word_1_85' title='bbox 758 1583 831 1665; x_wconf 82' lang='grc' dir='ltr'>ἐς</span> <span class='ocrx_word' id='word_1_86' title='bbox 875 1588 996 1683; x_wconf 84' lang='grc' dir='ltr'>τὴν</span> <span class='ocrx_word' id='word_1_87' title='bbox 1036 1583 1302 1684; x_wconf 83' lang='grc' dir='ltr'>Πέτρην</span> <span class='ocrx_word' id='word_1_88' title='bbox 1337 1586 1449 1656; x_wconf 83' lang='grc' dir='ltr'>καὶ</span> <span class='ocrx_word' id='word_1_89' title='bbox 1483 1587 1935 1684; x_wconf 82' lang='grc' dir='ltr'>παρελθόντες</span> <span class='ocrx_word' id='word_1_90' title='bbox 1971 1587 2042 1667; x_wconf 80' lang='grc' dir='ltr'>ἐς</span> <span class='ocrx_word' id='word_1_91' title='bbox 2079 1591 2200 1686; x_wconf 82' lang='grc' dir='ltr'>τὴν</span> <span class='ocrx_word' id='word_1_92' title='bbox 2239 1587 2455 1686; x_wconf 79' lang='grc' dir='ltr'>αὐλὴν</span> 
     </span>
     <span class='ocr_line' id='line_1_12' title="bbox 206 1692 2457 1806; baseline 0.003 -36"><span class='ocrx_word' id='word_1_93' title='bbox 206 1706 321 1800; x_wconf 74' lang='grc' dir='ltr'>τὴν</span> <span class='ocrx_word' id='word_1_94' title='bbox 347 1692 713 1784; x_wconf 81' lang='grc' dir='ltr'>Ἠετίωνος</span> <span class='ocrx_word' id='word_1_95' title='bbox 746 1706 960 1775; x_wconf 79' lang='grc' dir='ltr'>αἴτεον</span> <span class='ocrx_word' id='word_1_96' title='bbox 997 1708 1072 1776; x_wconf 84' lang='grc' dir='ltr'>τὺ</span> <span class='ocrx_word' id='word_1_97' title='bbox 1108 1703 1369 1776; x_wconf 86' lang='grc' dir='ltr'>παιδίον</span> <span class='ocrx_word' id='word_1_98' title='bbox 1393 1727 1409 1743; x_wconf 88' lang='grc'><em>·</em></span> <span class='ocrx_word' id='word_1_99' title='bbox 1463 1706 1511 1803; x_wconf 76' lang='grc' dir='ltr'>ἡ</span> <span class='ocrx_word' id='word_1_100' title='bbox 1543 1704 1616 1777; x_wconf 78' lang='grc' dir='ltr'>δὲ</span> <span class='ocrx_word' id='word_1_101' title='bbox 1643 1704 1883 1806; x_wconf 83' lang='grc' dir='ltr'>Λάβδα</span> <span class='ocrx_word' id='word_1_102' title='bbox 1910 1706 2122 1780; x_wconf 79' lang='grc' dir='ltr'>εἰδυῖά</span> <span class='ocrx_word' id='word_1_103' title='bbox 2156 1732 2226 1778; x_wconf 88' lang='grc' dir='ltr'>τε</span> <span class='ocrx_word' id='word_1_104' title='bbox 2246 1704 2457 1778; x_wconf 68' lang='grc' dir='ltr'>ὀὐδὲν</span> 
     </span>
     <span class='ocr_line' id='line_1_13' title="bbox 207 1820 2459 1925; baseline 0.002 -33"><span class='ocrx_word' id='word_1_105' title='bbox 207 1829 331 1892; x_wconf 80' lang='grc' dir='ltr'>τῶν</span> <span class='ocrx_word' id='word_1_106' title='bbox 368 1820 582 1895; x_wconf 73' lang='grc' dir='ltr'>εἵνεκα</span> <span class='ocrx_word' id='word_1_107' title='bbox 635 1822 876 1895; x_wconf 77' lang='grc' dir='ltr'>ἐκεῖνοι</span> <span class='ocrx_word' id='word_1_108' title='bbox 924 1821 1309 1912; x_wconf 85' lang='grc' dir='ltr'>ἀπικοίατο,</span> <span class='ocrx_word' id='word_1_109' title='bbox 1368 1826 1477 1896; x_wconf 85' lang='grc' dir='ltr'>καὶ</span> <span class='ocrx_word' id='word_1_110' title='bbox 1513 1826 1841 1899; x_wconf 87' lang='grc' dir='ltr'>ὃοκέουσά</span> <span class='ocrx_word' id='word_1_111' title='bbox 1878 1852 2092 1923; x_wconf 93' lang='grc' dir='ltr'>σφεας</span> <span class='ocrx_word' id='word_1_112' title='bbox 2129 1825 2459 1925; x_wconf 90' lang='grc' dir='ltr'>φιλοφρο-</span> 
     </span>
     <span class='ocr_line' id='line_1_14' title="bbox 207 1941 2460 2043; baseline 0.001 -30"><span class='ocrx_word' id='word_1_113' title='bbox 207 1944 403 2040; x_wconf 90' lang='grc' dir='ltr'>σύνης</span> <span class='ocrx_word' id='word_1_114' title='bbox 436 1948 551 2014; x_wconf 79' lang='grc' dir='ltr'>τοῦ</span> <span class='ocrx_word' id='word_1_115' title='bbox 583 1944 839 2041; x_wconf 82' lang='grc' dir='ltr'>πατρὸς</span> <span class='ocrx_word' id='word_1_116' title='bbox 873 1941 1090 2015; x_wconf 77' lang='grc' dir='ltr'>εἵνεκα</span> <span class='ocrx_word' id='word_1_117' title='bbox 1144 1944 1418 2032; x_wconf 78' lang='grc' dir='ltr'>αἰτέειν,</span> <span class='ocrx_word' id='word_1_118' title='bbox 1472 1943 1771 2043; x_wconf 88' lang='grc' dir='ltr'>φέρουσα</span> <span class='ocrx_word' id='word_1_119' title='bbox 1829 1943 2190 2043; x_wconf 80' lang='grc' dir='ltr'>ἐνεχείρισε</span> <span class='ocrx_word' id='word_1_120' title='bbox 2242 1944 2460 2017; x_wconf 81' lang='grc' dir='ltr'>αὐτῶν</span> 
     </span>
     <span class='ocr_line' id='line_1_15' title="bbox 211 2052 2458 2174; baseline 0.001 -43"><span class='ocrx_word' id='word_1_121' title='bbox 211 2061 314 2133; x_wconf 86' lang='grc' dir='ltr'>ἑνί.</span> <span class='ocrx_word' id='word_1_122' title='bbox 419 2064 584 2135; x_wconf 81' lang='grc' dir='ltr'>τοῖσι</span> <span class='ocrx_word' id='word_1_123' title='bbox 636 2061 711 2134; x_wconf 80' lang='grc' dir='ltr'>δὲ</span> <span class='ocrx_word' id='word_1_124' title='bbox 757 2061 888 2160; x_wconf 81' lang='grc' dir='ltr'>ἄρα</span> <span class='ocrx_word' id='word_1_125' title='bbox 925 2061 1365 2163; x_wconf 79' lang='grc' dir='ltr'>ἐβεβούλευτο</span> <span class='ocrx_word' id='word_1_126' title='bbox 1404 2052 1548 2135; x_wconf 80' lang='grc' dir='ltr'>κατ’</span> <span class='ocrx_word' id='word_1_127' title='bbox 1594 2063 1747 2134; x_wconf 75' lang='grc' dir='ltr'>ὁδὸν</span> <span class='ocrx_word' id='word_1_128' title='bbox 1783 2066 1897 2135; x_wconf 80' lang='grc' dir='ltr'>τὸν</span> <span class='ocrx_word' id='word_1_129' title='bbox 1933 2072 2197 2174; x_wconf 84' lang='grc' dir='ltr'>πρῶτον</span> <span class='ocrx_word' id='word_1_130' title='bbox 2236 2064 2458 2136; x_wconf 82' lang='grc' dir='ltr'>αὐτῶν</span> 
     </span>
     <span class='ocr_line' id='line_1_16' title="bbox 132 2178 2462 2284; baseline 0.003 -35"><span class='ocrx_word' id='word_1_131' title='bbox 132 2194 183 2242; x_wconf 78' lang='lat'>¹5</span> <span class='ocrx_word' id='word_1_132' title='bbox 213 2178 484 2280; x_wconf 75' lang='grc' dir='ltr'>λαβόντα</span> <span class='ocrx_word' id='word_1_133' title='bbox 531 2184 606 2252; x_wconf 77' lang='grc' dir='ltr'>τὸ</span> <span class='ocrx_word' id='word_1_134' title='bbox 658 2182 920 2253; x_wconf 87' lang='grc' dir='ltr'>παιδίον</span> <span class='ocrx_word' id='word_1_135' title='bbox 969 2183 1424 2279; x_wconf 92' lang='grc' dir='ltr'>προσουδίσαι.</span> <span class='ocrx_word' id='word_1_136' title='bbox 1535 2182 1681 2254; x_wconf 82' lang='grc' dir='ltr'>ἐπεὶ</span> <span class='ocrx_word' id='word_1_137' title='bbox 1738 2180 1835 2252; x_wconf 83' lang='grc' dir='ltr'>ὦν</span> <span class='ocrx_word' id='word_1_138' title='bbox 1894 2182 2109 2256; x_wconf 84' lang='grc' dir='ltr'>ἔδωκε</span> <span class='ocrx_word' id='word_1_139' title='bbox 2163 2183 2462 2284; x_wconf 90' lang='grc' dir='ltr'>φέρουσα</span> 
     </span>
     <span class='ocr_line' id='line_1_17' title="bbox 212 2298 2463 2402; baseline 0.001 -31"><span class='ocrx_word' id='word_1_140' title='bbox 212 2301 253 2396; x_wconf 81' lang='grc' dir='ltr'>ἡ</span> <span class='ocrx_word' id='word_1_141' title='bbox 289 2298 553 2401; x_wconf 85' lang='grc' dir='ltr'>Λάβδα,</span> <span class='ocrx_word' id='word_1_142' title='bbox 611 2305 724 2373; x_wconf 81' lang='grc' dir='ltr'>τὸν</span> <span class='ocrx_word' id='word_1_143' title='bbox 779 2300 1073 2401; x_wconf 87' lang='grc' dir='ltr'>λαβόντα</span> <span class='ocrx_word' id='word_1_144' title='bbox 1123 2308 1256 2371; x_wconf 85' lang='grc' dir='ltr'>τῶν</span> <span class='ocrx_word' id='word_1_145' title='bbox 1294 2299 1556 2401; x_wconf 84' lang='grc' dir='ltr'>ἀνδρῶν</span> <span class='ocrx_word' id='word_1_146' title='bbox 1595 2300 1752 2400; x_wconf 88' lang='grc' dir='ltr'>θείῃ</span> <span class='ocrx_word' id='word_1_147' title='bbox 1791 2304 1965 2401; x_wconf 89' lang='grc' dir='ltr'>τύχῃ</span> <span class='ocrx_word' id='word_1_148' title='bbox 2004 2303 2463 2402; x_wconf 77' lang='grc' dir='ltr'>προσεγέλασε</span> 
     </span>
     <span class='ocr_line' id='line_1_18' title="bbox 213 2418 2458 2519; baseline 0.002 -31"><span class='ocrx_word' id='word_1_149' title='bbox 213 2420 280 2489; x_wconf 78' lang='grc' dir='ltr'>τὸ</span> <span class='ocrx_word' id='word_1_150' title='bbox 311 2418 603 2509; x_wconf 84' lang='grc' dir='ltr'>παιδίον,</span> <span class='ocrx_word' id='word_1_151' title='bbox 659 2423 767 2491; x_wconf 81' lang='grc' dir='ltr'>καὶ</span> <span class='ocrx_word' id='word_1_152' title='bbox 820 2422 934 2490; x_wconf 77' lang='grc' dir='ltr'>τὸν</span> <span class='ocrx_word' id='word_1_153' title='bbox 992 2419 1380 2518; x_wconf 79' lang='grc' dir='ltr'>φρασθέντα</span> <span class='ocrx_word' id='word_1_154' title='bbox 1429 2426 1626 2492; x_wconf 81' lang='grc' dir='ltr'>τοῦτο</span> <span class='ocrx_word' id='word_1_155' title='bbox 1674 2420 1893 2502; x_wconf 80' lang='grc' dir='ltr'>οἶκτός</span> <span class='ocrx_word' id='word_1_156' title='bbox 1938 2449 2034 2503; x_wconf 88' lang='grc' dir='ltr'>τις</span> <span class='ocrx_word' id='word_1_157' title='bbox 2074 2424 2247 2519; x_wconf 84' lang='grc' dir='ltr'>ἴσχει</span> <span class='ocrx_word' id='word_1_158' title='bbox 2287 2420 2458 2493; x_wconf 90' lang='grc' dir='ltr'>ἀπο-</span> 
     </span>
     <span class='ocr_line' id='line_1_19' title="bbox 215 2539 2474 2640; baseline 0.001 -30"><span class='ocrx_word' id='word_1_159' title='bbox 215 2543 474 2629; x_wconf 74' lang='grc' dir='ltr'>κτεῖναι,</span> <span class='ocrx_word' id='word_1_160' title='bbox 534 2545 986 2638; x_wconf 87' lang='grc' dir='ltr'>κατοικτείρας</span> <span class='ocrx_word' id='word_1_161' title='bbox 1049 2539 1123 2612; x_wconf 81' lang='grc' dir='ltr'>δὲ</span> <span class='ocrx_word' id='word_1_162' title='bbox 1189 2539 1557 2639; x_wconf 85' lang='grc' dir='ltr'>παραδιδοῖ</span> <span class='ocrx_word' id='word_1_163' title='bbox 1613 2543 1714 2636; x_wconf 80' lang='grc' dir='ltr'>τῷ</span> <span class='ocrx_word' id='word_1_164' title='bbox 1769 2540 2094 2640; x_wconf 85' lang='grc' dir='ltr'>δευτέρῳ,</span> <span class='ocrx_word' id='word_1_165' title='bbox 2155 2542 2190 2613; x_wconf 78' lang='grc' dir='ltr'>ὁ</span> <span class='ocrx_word' id='word_1_166' title='bbox 2249 2540 2323 2614; x_wconf 85' lang='grc' dir='ltr'>δὲ</span> <span class='ocrx_word' id='word_1_167' title='bbox 2372 2544 2474 2639; x_wconf 83' lang='grc' dir='ltr'>τῷ</span> 
     </span>
     <span class='ocr_line' id='line_1_20' title="bbox 216 2658 2459 2762; baseline 0.001 -34"><span class='ocrx_word' id='word_1_168' title='bbox 216 2663 418 2756; x_wconf 82' lang='grc' dir='ltr'>τρίτῳ.</span> <span class='ocrx_word' id='word_1_169' title='bbox 510 2658 686 2731; x_wconf 76' lang='grc' dir='ltr'>οὕτω</span> <span class='ocrx_word' id='word_1_170' title='bbox 738 2658 813 2731; x_wconf 84' lang='grc' dir='ltr'>δὲ</span> <span class='ocrx_word' id='word_1_171' title='bbox 871 2659 1177 2762; x_wconf 74' lang='grc' dir='ltr'>διεξῆλθε</span> <span class='ocrx_word' id='word_1_172' title='bbox 1230 2660 1338 2732; x_wconf 84' lang='grc' dir='ltr'>διὰ</span> <span class='ocrx_word' id='word_1_173' title='bbox 1384 2662 1653 2733; x_wconf 85' lang='grc' dir='ltr'>πάντων</span> <span class='ocrx_word' id='word_1_174' title='bbox 1702 2669 1836 2731; x_wconf 85' lang='grc' dir='ltr'>τῶν</span> <span class='ocrx_word' id='word_1_175' title='bbox 1891 2661 2050 2733; x_wconf 89' lang='grc' dir='ltr'>δέκα</span> <span class='ocrx_word' id='word_1_176' title='bbox 2091 2661 2459 2759; x_wconf 89' lang='grc' dir='ltr'>παραδιδό-</span> 
     </span>
     <span class='ocr_line' id='line_1_21' title="bbox 137 2778 2460 2879; baseline 0.002 -36"><span class='ocrx_word' id='word_1_177' title='bbox 137 2791 190 2843; x_wconf 80' lang='lat'>20</span> <span class='ocrx_word' id='word_1_178' title='bbox 221 2802 435 2869; x_wconf 85' lang='grc' dir='ltr'>μενον,</span> <span class='ocrx_word' id='word_1_179' title='bbox 505 2778 781 2862; x_wconf 77' lang='grc' dir='ltr'>οὐδενὸς</span> <span class='ocrx_word' id='word_1_180' title='bbox 852 2778 1267 2879; x_wconf 83' lang='grc' dir='ltr'>βουλομένου</span> <span class='ocrx_word' id='word_1_181' title='bbox 1330 2779 1829 2878; x_wconf 56' lang='grc' dir='ltr'>διεργάσασθαι.</span> <span class='ocrx_word' id='word_1_182' title='bbox 1950 2779 2310 2859; x_wconf 82' lang='grc' dir='ltr'>ἀποδόντες</span> <span class='ocrx_word' id='word_1_183' title='bbox 2366 2778 2460 2849; x_wconf 82' lang='grc' dir='ltr'>ὧν</span> 
     </span>
     <span class='ocr_line' id='line_1_22' title="bbox 166 2895 2465 3000; baseline 0 -31"><span class='ocrx_word' id='word_1_184' title='bbox 166 2913 170 2917; x_wconf 84' lang='grc'><strong>’</strong></span> <span class='ocrx_word' id='word_1_185' title='bbox 220 2895 413 2970; x_wconf 85' lang='grc' dir='ltr'>ὀπίσω</span> <span class='ocrx_word' id='word_1_186' title='bbox 452 2901 534 2997; x_wconf 81' lang='grc' dir='ltr'>τῇ</span> <span class='ocrx_word' id='word_1_187' title='bbox 584 2901 872 2996; x_wconf 83' lang='grc' dir='ltr'>τεκούσῃ</span> <span class='ocrx_word' id='word_1_188' title='bbox 911 2903 986 2970; x_wconf 82' lang='grc' dir='ltr'>τὸ</span> <span class='ocrx_word' id='word_1_189' title='bbox 1023 2900 1285 3000; x_wconf 83' lang='grc' dir='ltr'>παιδίον</span> <span class='ocrx_word' id='word_1_190' title='bbox 1333 2901 1456 2969; x_wconf 47' lang='grc' dir='ltr'>καὶᾗ</span> <span class='ocrx_word' id='word_1_191' title='bbox 1499 2898 1881 2981; x_wconf 76' lang='grc' dir='ltr'>ἐξελθόντες</span> <span class='ocrx_word' id='word_1_192' title='bbox 1918 2900 2083 2988; x_wconf 78' lang='grc' dir='ltr'>ἔξω,</span> <span class='ocrx_word' id='word_1_193' title='bbox 2145 2899 2465 2977; x_wconf 82' lang='grc' dir='ltr'>ἑστεῶτες</span> 
     </span>
     <span class='ocr_line' id='line_1_23' title="bbox 222 3013 2463 3117; baseline 0.001 -30"><span class='ocrx_word' id='word_1_194' title='bbox 222 3013 318 3087; x_wconf 81' lang='grc' dir='ltr'>ἐπὶ</span> <span class='ocrx_word' id='word_1_195' title='bbox 361 3025 488 3089; x_wconf 86' lang='grc' dir='ltr'>τῶν</span> <span class='ocrx_word' id='word_1_196' title='bbox 537 3016 802 3117; x_wconf 87' lang='grc' dir='ltr'>θυρέων</span> <span class='ocrx_word' id='word_1_197' title='bbox 864 3016 1182 3117; x_wconf 76' lang='grc' dir='ltr'>ἀλλήλων</span> <span class='ocrx_word' id='word_1_198' title='bbox 1238 3017 1523 3091; x_wconf 82' lang='grc' dir='ltr'>ἅπτοντο</span> <span class='ocrx_word' id='word_1_199' title='bbox 1575 3024 2117 3114; x_wconf 85' lang='grc' dir='ltr'>καταιτιώμενοι,</span> <span class='ocrx_word' id='word_1_200' title='bbox 2175 3022 2281 3090; x_wconf 86' lang='grc' dir='ltr'>καὶ</span> <span class='ocrx_word' id='word_1_201' title='bbox 2330 3017 2463 3111; x_wconf 86' lang='grc' dir='ltr'>μά-</span> 
     </span>
     <span class='ocr_line' id='line_1_24' title="bbox 224 3134 2463 3238; baseline 0.001 -33"><span class='ocrx_word' id='word_1_202' title='bbox 224 3134 393 3209; x_wconf 87' lang='grc' dir='ltr'>λιστα</span> <span class='ocrx_word' id='word_1_203' title='bbox 435 3142 551 3208; x_wconf 81' lang='grc' dir='ltr'>τοῦ</span> <span class='ocrx_word' id='word_1_204' title='bbox 600 3141 873 3236; x_wconf 82' lang='grc' dir='ltr'>πρώτου</span> <span class='ocrx_word' id='word_1_205' title='bbox 925 3136 1281 3238; x_wconf 88' lang='grc' dir='ltr'>λαβόντος,</span> <span class='ocrx_word' id='word_1_206' title='bbox 1340 3139 1440 3209; x_wconf 82' lang='grc' dir='ltr'>ὅτι</span> <span class='ocrx_word' id='word_1_207' title='bbox 1477 3138 1598 3209; x_wconf 82' lang='grc' dir='ltr'>οὐκ</span> <span class='ocrx_word' id='word_1_208' title='bbox 1636 3137 1916 3237; x_wconf 84' lang='grc' dir='ltr'>ἐποίησε</span> <span class='ocrx_word' id='word_1_209' title='bbox 1951 3138 2118 3210; x_wconf 86' lang='grc' dir='ltr'>κατὰ</span> <span class='ocrx_word' id='word_1_210' title='bbox 2152 3136 2234 3209; x_wconf 86' lang='grc' dir='ltr'>τὰ</span> <span class='ocrx_word' id='word_1_211' title='bbox 2271 3138 2463 3209; x_wconf 88' lang='grc' dir='ltr'>δεδο-</span> 
     </span>
     <span class='ocr_line' id='line_1_25' title="bbox 225 3255 2463 3355; baseline 0 -29"><span class='ocrx_word' id='word_1_212' title='bbox 225 3255 435 3348; x_wconf 88' lang='grc' dir='ltr'>γμένα,</span> <span class='ocrx_word' id='word_1_213' title='bbox 493 3257 563 3338; x_wconf 82' lang='grc' dir='ltr'>ἐς</span> <span class='ocrx_word' id='word_1_214' title='bbox 597 3257 636 3326; x_wconf 80' lang='grc' dir='ltr'>ὃ</span> <span class='ocrx_word' id='word_1_215' title='bbox 674 3258 759 3355; x_wconf 83' lang='grc' dir='ltr'>δή</span> <span class='ocrx_word' id='word_1_216' title='bbox 811 3283 928 3353; x_wconf 90' lang='grc' dir='ltr'>σφι</span> <span class='ocrx_word' id='word_1_217' title='bbox 964 3259 1209 3355; x_wconf 90' lang='grc' dir='ltr'>χρόνου</span> <span class='ocrx_word' id='word_1_218' title='bbox 1266 3257 1696 3354; x_wconf 78' lang='grc' dir='ltr'>ἐγγινομένου</span> <span class='ocrx_word' id='word_1_219' title='bbox 1752 3256 1936 3336; x_wconf 79' lang='grc' dir='ltr'>ἔδοξε</span> <span class='ocrx_word' id='word_1_220' title='bbox 1989 3259 2174 3337; x_wconf 86' lang='grc' dir='ltr'>αὖτις</span> <span class='ocrx_word' id='word_1_221' title='bbox 2207 3255 2463 3354; x_wconf 89' lang='grc' dir='ltr'>παρελ-</span> 
     </span>
     <span class='ocr_line' id='line_1_26' title="bbox 147 3367 2549 3473; baseline 0 -30"><span class='ocrx_word' id='word_1_222' title='bbox 147 3385 199 3435; x_wconf 79' lang='lat'>25</span> <span class='ocrx_word' id='word_1_223' title='bbox 227 3372 440 3458; x_wconf 87' lang='grc' dir='ltr'>θόντας</span> <span class='ocrx_word' id='word_1_224' title='bbox 471 3377 729 3455; x_wconf 88' lang='grc' dir='ltr'>πάντας</span> <span class='ocrx_word' id='word_1_225' title='bbox 754 3380 871 3446; x_wconf 82' lang='grc' dir='ltr'>τοῦ</span> <span class='ocrx_word' id='word_1_226' title='bbox 901 3378 1108 3473; x_wconf 88' lang='grc' dir='ltr'>φόνου</span> <span class='ocrx_word' id='word_1_227' title='bbox 1138 3380 1495 3472; x_wconf 88' lang='grc' dir='ltr'>μετίσχειν.</span> <span class='ocrx_word' id='word_1_228' title='bbox 1556 3375 1690 3448; x_wconf 82' lang='grc' dir='ltr'>ἔδει</span> <span class='ocrx_word' id='word_1_229' title='bbox 1730 3375 1804 3447; x_wconf 83' lang='grc' dir='ltr'>δὲ</span> <span class='ocrx_word' id='word_1_230' title='bbox 1842 3376 1915 3448; x_wconf 84' lang='grc' dir='ltr'>ἐκ</span> <span class='ocrx_word' id='word_1_231' title='bbox 1951 3382 2067 3448; x_wconf 84' lang='grc' dir='ltr'>τοῦ</span> <span class='ocrx_word' id='word_1_232' title='bbox 2095 3367 2467 3454; x_wconf 82' lang='grc' dir='ltr'>Ἠετίωνος</span> <span class='ocrx_word' id='word_1_233' title='bbox 2498 3383 2549 3463; x_wconf 87' lang='grc' dir='ltr'>δ)</span> 
     </span>
     <span class='ocr_line' id='line_1_27' title="bbox 226 3492 2467 3597; baseline 0 -34"><span class='ocrx_word' id='word_1_234' title='bbox 226 3496 399 3587; x_wconf 86' lang='grc' dir='ltr'>γόνου</span> <span class='ocrx_word' id='word_1_235' title='bbox 464 3492 781 3593; x_wconf 80' lang='grc' dir='ltr'>Κορίνθῳ</span> <span class='ocrx_word' id='word_1_236' title='bbox 851 3492 1017 3567; x_wconf 86' lang='grc' dir='ltr'>κακὰ</span> <span class='ocrx_word' id='word_1_237' title='bbox 1087 3492 1546 3595; x_wconf 84' lang='grc' dir='ltr'>ἀναβλαστεῖν.</span> <span class='ocrx_word' id='word_1_238' title='bbox 1638 3497 1685 3594; x_wconf 79' lang='grc' dir='ltr'>ἡ</span> <span class='ocrx_word' id='word_1_239' title='bbox 1754 3494 1988 3597; x_wconf 87' lang='grc' dir='ltr'>Λάβδα</span> <span class='ocrx_word' id='word_1_240' title='bbox 2060 3496 2186 3592; x_wconf 87' lang='grc' dir='ltr'>γὰρ</span> <span class='ocrx_word' id='word_1_241' title='bbox 2249 3493 2467 3568; x_wconf 86' lang='grc' dir='ltr'>πάντα</span> 
     </span>
    </p>
   </div>
   <div class='ocr_carea' id='block_1_3' title="bbox 313 3791 2468 3933">
    <p class='ocr_par' dir='ltr' id='par_1_3' title="bbox 313 3791 2468 3933">
     <span class='ocr_line' id='line_1_28' title="bbox 313 3791 2468 3914; baseline 0.001 -70"><span class='ocrx_word' id='word_1_242' title='bbox 313 3860 369 3914; x_wconf 72' lang='grc' dir='ltr'><strong>Μ</strong></span> <span class='ocrx_word' id='word_1_243' title='bbox 412 3794 469 3844; x_wconf 88' lang='lat'>15</span> <span class='ocrx_word' id='word_1_244' title='bbox 493 3791 930 3914; x_wconf 51' lang='lat' dir='ltr'><strong>{cllhEustatbius</strong></span> <span class='ocrx_word' id='word_1_245' title='bbox 952 3791 1017 3846; x_wconf 88' lang='lat'>11.</span> <span class='ocrx_word' id='word_1_246' title='bbox 1049 3810 1103 3863; x_wconf 88' lang='lat' dir='ltr'>p.</span> <span class='ocrx_word' id='word_1_247' title='bbox 1135 3794 1253 3845; x_wconf 86' lang='lat'><strong>650.</strong></span> <span class='ocrx_word' id='word_1_248' title='bbox 1283 3822 1347 3832; x_wconf 90' lang='lat'><strong>—</strong></span> <span class='ocrx_word' id='word_1_249' title='bbox 1377 3794 1458 3845; x_wconf 90' lang='grc'>22.</span> <span class='ocrx_word' id='word_1_250' title='bbox 1500 3792 1744 3864; x_wconf 81' lang='grc' dir='ltr'>ἀλλήλων</span> <span class='ocrx_word' id='word_1_251' title='bbox 1771 3824 1799 3833; x_wconf 96' lang='grc'>-</span> <span class='ocrx_word' id='word_1_252' title='bbox 1822 3795 2209 3863; x_wconf 47' lang='grc' dir='ltr'>καταιτιώμενοι</span> <span class='ocrx_word' id='word_1_253' title='bbox 2232 3793 2468 3847; x_wconf 77' lang='lat' dir='ltr'><strong>Thomas</strong></span> 
     </span>
     <span class='ocr_line' id='line_1_29' title="bbox 373 3879 465 3933; baseline -0.011 -19"><span class='ocrx_word' id='word_1_254' title='bbox 373 3903 385 3914; x_wconf 92' lang='lat'><strong>.</strong></span> <span class='ocrx_word' id='word_1_255' title='bbox 411 3879 465 3933; x_wconf 84' lang='lat' dir='ltr'>p.</span> 
     </span>
    </p>
   </div>
   <div class='ocr_carea' id='block_1_4' title="bbox 232 4016 2474 4223">
    <p class='ocr_par' dir='ltr' id='par_1_4' title="bbox 232 4016 2474 4223">
     <span class='ocr_line' id='line_1_30' title="bbox 319 4016 2474 4088; baseline 0.002 -21"><span class='ocrx_word' id='word_1_256' title='bbox 319 4017 356 4068; x_wconf 90' lang='grc'>1.</span> <span class='ocrx_word' id='word_1_257' title='bbox 393 4023 478 4070; x_wconf 78' lang='grc' dir='ltr'>νῦν</span> <span class='ocrx_word' id='word_1_258' title='bbox 501 4019 554 4082; x_wconf 76' lang='lat' dir='ltr'>d,</span> <span class='ocrx_word' id='word_1_259' title='bbox 581 4037 640 4070; x_wconf 84' lang='grc' dir='ltr'>νυ</span> <span class='ocrx_word' id='word_1_260' title='bbox 666 4017 722 4069; x_wconf 88' lang='grc' dir='ltr'><strong><em>Ρ</em></strong></span> <span class='ocrx_word' id='word_1_261' title='bbox 783 4019 805 4081; x_wconf 93' lang='grc'>11</span> <span class='ocrx_word' id='word_1_262' title='bbox 875 4016 1234 4088; x_wconf 75' lang='grc' dir='ltr'>φράζεσθαιΒ</span> <span class='ocrx_word' id='word_1_263' title='bbox 1302 4018 1324 4081; x_wconf 86' lang='grc'>11</span> <span class='ocrx_word' id='word_1_264' title='bbox 1395 4019 1444 4069; x_wconf 92' lang='grc'>2.</span> <span class='ocrx_word' id='word_1_265' title='bbox 1486 4017 1678 4070; x_wconf 83' lang='grc' dir='ltr'>οίκέετε</span> <span class='ocrx_word' id='word_1_266' title='bbox 1703 4035 1733 4070; x_wconf 86' lang='lat' dir='ltr'><strong><em>r</em></strong></span> <span class='ocrx_word' id='word_1_267' title='bbox 1800 4020 1823 4083; x_wconf 93' lang='grc'>11</span> <span class='ocrx_word' id='word_1_268' title='bbox 1895 4019 1942 4068; x_wconf 88' lang='grc'>3.</span> <span class='ocrx_word' id='word_1_269' title='bbox 1987 4017 2050 4088; x_wconf 84' lang='grc' dir='ltr'>δὴ</span> <span class='ocrx_word' id='word_1_270' title='bbox 2078 4034 2187 4070; x_wconf 89' lang='lat' dir='ltr'>om.</span> <span class='ocrx_word' id='word_1_271' title='bbox 2212 4017 2413 4071; x_wconf 76' lang='lat' dir='ltr'><em>ABGd</em></span> <span class='ocrx_word' id='word_1_272' title='bbox 2453 4018 2474 4085; x_wconf 93' lang='grc' dir='ltr'>ΙΙ</span> 
     </span>
     <span class='ocr_line' id='line_1_31' title="bbox 232 4083 2472 4157; baseline 0.003 -25"><span class='ocrx_word' id='word_1_273' title='bbox 232 4083 272 4133; x_wconf 74' lang='grc'>4.</span> <span class='ocrx_word' id='word_1_274' title='bbox 304 4086 354 4138; x_wconf 82' lang='grc' dir='ltr'>τὸ</span> <span class='ocrx_word' id='word_1_275' title='bbox 375 4089 512 4140; x_wconf 75' lang='grc' dir='ltr'>ΑΒι</span> <span class='ocrx_word' id='word_1_276' title='bbox 549 4089 622 4157; x_wconf 79' lang='grc' dir='ltr'>τῷ</span> <span class='ocrx_word' id='word_1_277' title='bbox 666 4089 690 4152; x_wconf 92' lang='grc'>11</span> <span class='ocrx_word' id='word_1_278' title='bbox 753 4089 799 4137; x_wconf 86' lang='lat'>5.</span> <span class='ocrx_word' id='word_1_279' title='bbox 843 4092 1063 4155; x_wconf 82' lang='grc' dir='ltr'>συνῆκαν</span> <span class='ocrx_word' id='word_1_280' title='bbox 1090 4085 1311 4155; x_wconf 81' lang='grc' dir='ltr'>συνῳδὸν</span> <span class='ocrx_word' id='word_1_281' title='bbox 1339 4085 1436 4138; x_wconf 79' lang='grc' dir='ltr'>ἐὼν</span> <span class='ocrx_word' id='word_1_282' title='bbox 1461 4105 1493 4138; x_wconf 83' lang='lat' dir='ltr'><strong><em>r</em></strong></span> <span class='ocrx_word' id='word_1_283' title='bbox 1550 4090 1571 4151; x_wconf 92' lang='grc'>11</span> <span class='ocrx_word' id='word_1_284' title='bbox 1629 4091 1677 4138; x_wconf 83' lang='grc'>6.</span> <span class='ocrx_word' id='word_1_285' title='bbox 1722 4084 1956 4144; x_wconf 81' lang='grc' dir='ltr'>θέλοντες</span> <span class='ocrx_word' id='word_1_286' title='bbox 1982 4104 2012 4138; x_wconf 89' lang='lat' dir='ltr'><em>r</em></span> <span class='ocrx_word' id='word_1_287' title='bbox 2068 4089 2089 4150; x_wconf 90' lang='grc'>11</span> <span class='ocrx_word' id='word_1_288' title='bbox 2151 4089 2198 4138; x_wconf 87' lang='lat'>7.</span> <span class='ocrx_word' id='word_1_289' title='bbox 2239 4085 2472 4156; x_wconf 81' lang='grc' dir='ltr'>γενέσθαι</span> 
     </span>
     <span class='ocr_line' id='line_1_32' title="bbox 235 4151 2471 4223; baseline 0.001 -19"><span class='ocrx_word' id='word_1_290' title='bbox 235 4151 283 4204; x_wconf 73' lang='grc' dir='ltr'>ἀι</span> <span class='ocrx_word' id='word_1_291' title='bbox 332 4156 353 4218; x_wconf 89' lang='grc'>11</span> <span class='ocrx_word' id='word_1_292' title='bbox 407 4154 521 4208; x_wconf 52' lang='lat' dir='ltr'>&amp;ed</span> <span class='ocrx_word' id='word_1_293' title='bbox 565 4159 588 4221; x_wconf 93' lang='grc'>11</span> <span class='ocrx_word' id='word_1_294' title='bbox 636 4157 685 4208; x_wconf 81' lang='grc'>8.</span> <span class='ocrx_word' id='word_1_295' title='bbox 728 4153 921 4208; x_wconf 76' lang='grc' dir='ltr'>αὐτέων</span> <span class='ocrx_word' id='word_1_296' title='bbox 955 4156 1092 4208; x_wconf 75' lang='lat' dir='ltr'><em>C&#39;drz</em></span> <span class='ocrx_word' id='word_1_297' title='bbox 1137 4158 1159 4219; x_wconf 91' lang='grc'>11</span> <span class='ocrx_word' id='word_1_298' title='bbox 1207 4157 1255 4205; x_wconf 86' lang='grc'>9.</span> <span class='ocrx_word' id='word_1_299' title='bbox 1300 4154 1325 4206; x_wconf 81' lang='grc' dir='ltr'>ό</span> <span class='ocrx_word' id='word_1_300' title='bbox 1354 4172 1461 4208; x_wconf 90' lang='lat' dir='ltr'>om.</span> <span class='ocrx_word' id='word_1_301' title='bbox 1491 4156 1599 4208; x_wconf 79' lang='lat' dir='ltr'>Prz</span> <span class='ocrx_word' id='word_1_302' title='bbox 1644 4156 1668 4220; x_wconf 88' lang='grc'>11</span> <span class='ocrx_word' id='word_1_303' title='bbox 1720 4157 1798 4207; x_wconf 89' lang='grc'>10.</span> <span class='ocrx_word' id='word_1_304' title='bbox 1841 4154 1895 4213; x_wconf 81' lang='grc' dir='ltr'>ἐς</span> <span class='ocrx_word' id='word_1_305' title='bbox 1920 4172 2024 4207; x_wconf 85' lang='lat' dir='ltr'>om.</span> <span class='ocrx_word' id='word_1_306' title='bbox 2057 4157 2134 4209; x_wconf 81' lang='grc' dir='ltr'>Βι</span> <span class='ocrx_word' id='word_1_307' title='bbox 2181 4157 2204 4220; x_wconf 91' lang='grc'>11</span> <span class='ocrx_word' id='word_1_308' title='bbox 2257 4157 2337 4207; x_wconf 86' lang='grc'>11.</span> <span class='ocrx_word' id='word_1_309' title='bbox 2376 4155 2471 4223; x_wconf 82' lang='grc' dir='ltr'>τὴν</span> 
     </span>
    </p>
   </div>
   <div class='ocr_carea' id='block_1_5' title="bbox 233 4241 2473 4553">
    <p class='ocr_par' dir='ltr' id='par_1_5' title="bbox 233 4241 2473 4553">
     <span class='ocr_line' id='line_1_33' title="bbox 233 4241 2473 4343; baseline 0 -17"><span class='ocrx_word' id='word_1_310' title='bbox 233 4269 446 4337; x_wconf 74' lang='grc' dir='ltr'>ὴετὶωνος</span> <span class='ocrx_word' id='word_1_311' title='bbox 468 4277 638 4330; x_wconf 70' lang='lat' dir='ltr'>ABr:</span> <span class='ocrx_word' id='word_1_312' title='bbox 675 4279 767 4328; x_wconf 80' lang='grc' dir='ltr'>τοῦ</span> <span class='ocrx_word' id='word_1_313' title='bbox 791 4273 1036 4343; x_wconf 78' lang='grc' dir='ltr'>ἠετίωνος</span> <span class='ocrx_word' id='word_1_314' title='bbox 1083 4276 1105 4339; x_wconf 74' lang='lat' dir='ltr'>il</span> <span class='ocrx_word' id='word_1_315' title='bbox 1163 4241 1329 4329; x_wconf 53' lang='grc' dir='ltr'>είὸἓὲἓ</span> <span class='ocrx_word' id='word_1_316' title='bbox 1353 4279 1421 4339; x_wconf 84' lang='grc' dir='ltr'>Α,</span> <span class='ocrx_word' id='word_1_317' title='bbox 1449 4274 1615 4328; x_wconf 79' lang='grc' dir='ltr'>είδοίά</span> <span class='ocrx_word' id='word_1_318' title='bbox 1646 4276 1696 4328; x_wconf 90' lang='grc' dir='ltr'><strong><em>Β</em></strong></span> <span class='ocrx_word' id='word_1_319' title='bbox 1756 4278 1777 4339; x_wconf 94' lang='grc'>11</span> <span class='ocrx_word' id='word_1_320' title='bbox 1844 4277 1923 4325; x_wconf 88' lang='grc'>13.</span> <span class='ocrx_word' id='word_1_321' title='bbox 1966 4274 2154 4328; x_wconf 79' lang='grc' dir='ltr'>εἵνεκεν</span> <span class='ocrx_word' id='word_1_322' title='bbox 2182 4276 2262 4328; x_wconf 80' lang='lat' dir='ltr'>Pr</span> <span class='ocrx_word' id='word_1_323' title='bbox 2307 4278 2329 4340; x_wconf 93' lang='grc'>11</span> <span class='ocrx_word' id='word_1_324' title='bbox 2377 4273 2473 4327; x_wconf 86' lang='grc' dir='ltr'>αὐ-</span> 
     </span>
     <span class='ocr_line' id='line_1_34' title="bbox 233 4339 2411 4409; baseline 0.003 -19"><span class='ocrx_word' id='word_1_325' title='bbox 233 4339 342 4392; x_wconf 66' lang='grc' dir='ltr'>τέων</span> <span class='ocrx_word' id='word_1_326' title='bbox 364 4361 416 4395; x_wconf 78' lang='lat' dir='ltr'>rz</span> <span class='ocrx_word' id='word_1_327' title='bbox 467 4347 490 4408; x_wconf 85' lang='grc'>11</span> <span class='ocrx_word' id='word_1_328' title='bbox 550 4347 630 4396; x_wconf 79' lang='grc'>14.</span> <span class='ocrx_word' id='word_1_329' title='bbox 672 4343 868 4396; x_wconf 77' lang='grc' dir='ltr'>αὐτέων</span> <span class='ocrx_word' id='word_1_330' title='bbox 899 4343 1005 4397; x_wconf 80' lang='lat' dir='ltr'>Odz</span> <span class='ocrx_word' id='word_1_331' title='bbox 1065 4345 1087 4407; x_wconf 93' lang='grc'>11</span> <span class='ocrx_word' id='word_1_332' title='bbox 1152 4346 1231 4395; x_wconf 86' lang='grc'>15.</span> <span class='ocrx_word' id='word_1_333' title='bbox 1271 4346 1329 4397; x_wconf 81' lang='grc' dir='ltr'>τὸ</span> <span class='ocrx_word' id='word_1_334' title='bbox 1354 4343 1552 4397; x_wconf 81' lang='grc' dir='ltr'>παιδίον</span> <span class='ocrx_word' id='word_1_335' title='bbox 1580 4361 1688 4396; x_wconf 88' lang='lat' dir='ltr'>om.</span> <span class='ocrx_word' id='word_1_336' title='bbox 1719 4363 1750 4395; x_wconf 82' lang='lat' dir='ltr'><em>r</em></span> <span class='ocrx_word' id='word_1_337' title='bbox 1807 4346 1830 4409; x_wconf 89' lang='grc'>11</span> <span class='ocrx_word' id='word_1_338' title='bbox 1890 4344 2042 4397; x_wconf 84' lang='grc' dir='ltr'>ἐπεὰν</span> <span class='ocrx_word' id='word_1_339' title='bbox 2069 4345 2108 4396; x_wconf 75' lang='lat' dir='ltr'><em>d</em></span> <span class='ocrx_word' id='word_1_340' title='bbox 2122 4387 2134 4406; x_wconf 88' lang='lat'><em>,</em></span> <span class='ocrx_word' id='word_1_341' title='bbox 2163 4344 2329 4397; x_wconf 82' lang='grc' dir='ltr'>ἐπείτε</span> <span class='ocrx_word' id='word_1_342' title='bbox 2354 4361 2411 4396; x_wconf 82' lang='lat' dir='ltr'>rz</span> 
     </span>
     <span class='ocr_line' id='line_1_35' title="bbox 239 4407 2415 4502; baseline 0.002 -43"><span class='ocrx_word' id='word_1_343' title='bbox 239 4408 304 4460; x_wconf 81' lang='lat'>16.</span> <span class='ocrx_word' id='word_1_344' title='bbox 330 4411 598 4482; x_wconf 81' lang='grc' dir='ltr'>τῷλαβόντι</span> <span class='ocrx_word' id='word_1_345' title='bbox 634 4413 790 4467; x_wconf 66' lang='lat' dir='ltr'><strong>Eunt.</strong></span> <span class='ocrx_word' id='word_1_346' title='bbox 832 4415 855 4477; x_wconf 92' lang='grc'>11</span> <span class='ocrx_word' id='word_1_347' title='bbox 896 4414 973 4463; x_wconf 80' lang='lat'>19.</span> <span class='ocrx_word' id='word_1_348' title='bbox 1004 4410 1136 4464; x_wconf 77' lang='grc' dir='ltr'>οὕτω</span> <span class='ocrx_word' id='word_1_349' title='bbox 1164 4413 1226 4482; x_wconf 86' lang='grc' dir='ltr'>δὴ</span> <span class='ocrx_word' id='word_1_350' title='bbox 1255 4432 1280 4464; x_wconf 86' lang='lat' dir='ltr'><strong><em>z</em></strong></span> <span class='ocrx_word' id='word_1_351' title='bbox 1315 4416 1337 4478; x_wconf 94' lang='grc'>11</span> <span class='ocrx_word' id='word_1_352' title='bbox 1383 4415 1464 4464; x_wconf 86' lang='grc'>20.</span> <span class='ocrx_word' id='word_1_353' title='bbox 1498 4412 1907 4502; x_wconf 75' lang='grc' dir='ltr'>διεξεργάσασθαι</span> <span class='ocrx_word' id='word_1_354' title='bbox 1937 4413 1982 4464; x_wconf 82' lang='lat' dir='ltr'><em>C</em></span> <span class='ocrx_word' id='word_1_355' title='bbox 2016 4414 2037 4477; x_wconf 89' lang='grc'>11</span> <span class='ocrx_word' id='word_1_356' title='bbox 2074 4414 2160 4475; x_wconf 73' lang='grc' dir='ltr'>ὧν]</span> <span class='ocrx_word' id='word_1_357' title='bbox 2188 4407 2234 4464; x_wconf 76' lang='grc' dir='ltr'>τ’</span> <span class='ocrx_word' id='word_1_358' title='bbox 2263 4412 2351 4464; x_wconf 82' lang='grc' dir='ltr'>οὖν</span> <span class='ocrx_word' id='word_1_359' title='bbox 2376 4411 2415 4463; x_wconf 83' lang='lat' dir='ltr'><strong><em>d</em></strong></span> 
     </span>
     <span class='ocr_line' id='line_1_36' title="bbox 238 4477 2422 4553; baseline 0.001 -21"><span class='ocrx_word' id='word_1_360' title='bbox 238 4477 306 4528; x_wconf 76' lang='lat'>22.</span> <span class='ocrx_word' id='word_1_361' title='bbox 345 4479 498 4551; x_wconf 75' lang='grc' dir='ltr'>θυρῶν</span> <span class='ocrx_word' id='word_1_362' title='bbox 521 4500 551 4536; x_wconf 85' lang='lat' dir='ltr'><em>r</em></span> <span class='ocrx_word' id='word_1_363' title='bbox 594 4486 617 4549; x_wconf 88' lang='grc'>11</span> <span class='ocrx_word' id='word_1_364' title='bbox 664 4484 746 4534; x_wconf 86' lang='grc'>24.</span> <span class='ocrx_word' id='word_1_365' title='bbox 796 4480 883 4534; x_wconf 81' lang='grc' dir='ltr'>ἐσὸ</span> <span class='ocrx_word' id='word_1_366' title='bbox 906 4482 1014 4534; x_wconf 83' lang='grc' dir='ltr'>ΑΒ</span> <span class='ocrx_word' id='word_1_367' title='bbox 1060 4483 1082 4543; x_wconf 83' lang='grc'>11</span> <span class='ocrx_word' id='word_1_368' title='bbox 1130 4480 1511 4553; x_wconf 76' lang='grc' dir='ltr'>ἐγγενομένουΡ</span> <span class='ocrx_word' id='word_1_369' title='bbox 1560 4484 1582 4547; x_wconf 90' lang='grc'>11</span> <span class='ocrx_word' id='word_1_370' title='bbox 1628 4483 1778 4540; x_wconf 61' lang='lat' dir='ltr'>aum:</span> <span class='ocrx_word' id='word_1_371' title='bbox 1803 4482 1993 4540; x_wconf 82' lang='grc' dir='ltr'>πάντας</span> <span class='ocrx_word' id='word_1_372' title='bbox 2018 4480 2365 4552; x_wconf 77' lang='grc' dir='ltr'>παρελθόντας</span> <span class='ocrx_word' id='word_1_373' title='bbox 2390 4500 2422 4534; x_wconf 90' lang='lat' dir='ltr'><strong><em>r</em></strong></span> 
     </span>
    </p>
   </div>
   <div class='ocr_carea' id='block_1_6' title="bbox 2455 4344 2464 4479">
    <p class='ocr_par' dir='ltr' id='par_1_6' title="bbox 2455 4344 2464 4479">
     <span class='ocr_line' id='line_1_37' title="bbox 2455 4344 2464 4479; baseline 0 0"><span class='ocrx_word' id='word_1_374' title='bbox 2455 4344 2464 4479; x_wconf 95' lang='lat' dir='ltr'> </span> 
     </span>
    </p>
   </div>
   <div class='ocr_carea' id='block_1_7' title="bbox 2468 4344 2476 4482">
    <p class='ocr_par' dir='ltr' id='par_1_7' title="bbox 2468 4344 2476 4482">
     <span class='ocr_line' id='line_1_38' title="bbox 2468 4344 2476 4482; baseline 0 0"><span class='ocrx_word' id='word_1_375' title='bbox 2468 4344 2476 4482; x_wconf 95' lang='lat' dir='ltr'> </span> 
     </span>
    </p>
   </div>
  </div>
 </body>
</html>
