3059 5125
1288 352 1579 409 Praefatio.
2438 371 2579 415 xxv

295 528 500 603 infra
529 530 940 625 composita
973 530 1621 616 consideraverint,
1664 531 1771 603 ita
1804 529 2006 602 haud
2043 553 2292 602 vereor
2326 554 2421 603 ne
2458 531 2579 601 cui

298 662 623 734 saevisse
699 661 782 732 in
859 658 1154 732 laudem
1226 659 1433 732 illius
1496 660 1768 745 videar,
1832 661 2029 754 quod
2089 659 2397 731 inventa
2460 657 2579 731 vel

295 790 548 885 sprevi
601 788 722 861 vel
770 783 879 864 ‘ex
932 788 1072 860 hac
1132 813 1352 882 quam
1403 791 1579 862 inde
1646 790 1739 861 ab
1792 787 2071 861 Aldina
2132 812 2581 882 occupavere

299 920 478 992 sede
514 917 780 1013 expuli
815 927 1103 1013 praeter
1138 943 1376 1013 pauca
1409 917 1681 991 omnia.
1762 916 2177 990 laudandus
2215 927 2465 990 autem
2500 919 2579 990 in

297 1048 561 1143 primis
614 1057 727 1121 aet
763 1050 963 1143 quod
1005 1048 1303 1120 ionismi
1356 1048 1673 1121 nitorem
1726 1049 1809 1121 in
1844 1048 2156 1120 vetustis
2204 1046 2579 1142 exempla-

293 1178 532 1263 ribus,
569 1187 658 1249 ut
691 1201 916 1272 supra
948 1179 1371 1264 memoravi,
1401 1180 1871 1250 obscuratum
1898 1176 2267 1272 reparavit
2301 1178 2583 1251 curiose

295 1316 526 1402 atque
561 1307 644 1378 in
678 1305 1081 1379 levioribus
1117 1304 1378 1380 saltem
1403 1304 1745 1394 feliciter,
1772 1308 1899 1379 sed
1925 1306 2356 1378 assiduitate
2383 1307 2584 1379 haud

292 1461 435 1531 per
484 1436 733 1508 omnia
783 1436 967 1530 pari.
1077 1444 1162 1509 ut
1209 1437 1282 1508 A
1335 1438 1380 1508 5
1414 1428 1665 1535 Ἄργεϊ,
1731 1436 1820 1508 14
1875 1430 2145 1532 ἀληθέῖ,
2204 1435 2293 1507 31
2357 1435 2576 1535 ὁρτῆς,

303 1567 480 1638 179.
518 1566 660 1639 185
678 1560 1070 1663 Εὐφρήτης,
1119 1565 1253 1637 111
1290 1568 1729 1648 κατεστεῶτα,
1771 1566 1919 1638 208
1954 1562 2139 1646 κατά,
2183 1564 2244 1635 Β
2277 1566 2397 1638 86.
2441 1565 2581 1636 149

293 1695 495 1775 αὖτις
543 1692 1018 1788 (quamquam
1074 1695 1271 1766 idem
1324 1695 1393 1766 A
1455 1694 1596 1766 186
1658 1696 2088 1792 παρεντήκην
2148 1693 2582 1788 perperam),

303 1824 456 1896 174
522 1820 877 1919 ἐπιτήδεα,
959 1823 1099 1895 178
1164 1820 1487 1904 τουτέων,
1571 1819 1625 1894 Γ
1677 1823 1722 1894 8
1799 1825 2019 1903 πίστις
2094 1831 2169 1895 et
2226 1820 2576 1920 ποιέηται,

303 1952 456 2024 134
503 1949 703 2031 δέξαι,
768 1950 911 2023 135
955 1948 1474 2049 πολλαπλήσιαε
1542 1975 1990 2046 quamquam
2041 1976 2136 2024 ne
2185 1950 2369 2026 talia
2417 1952 2585 2042 qui-

290 2082 468 2153 dem
517 2080 769 2153 omnia
809 2080 1088 2174 ubique
1139 2080 1638 2176 perpurgavit.
1730 2080 1930 2153 idem
1977 2081 2119 2154 etsi
2166 2080 2394 2154 semel
2443 2082 2583 2155 ite-

287 2233 613 2304 rumque
662 2208 1065 2305 extirpavit
1113 2209 1423 2296 ficticia,
1477 2208 1687 2282 velut
1737 2211 1979 2308 μοίρην
2032 2212 2102 2283 Α
2158 2211 2296 2297 91,
2360 2209 2582 2306 longe

290 2350 549 2412 tamen
609 2337 829 2433 plura
874 2339 1175 2411 novavit
1240 2337 1359 2413 vel
1420 2347 1712 2433 praeter
1761 2339 2271 2412 necessitatem
2290 2394 2309 2426 ‚
2369 2348 2456 2413 ut
2502 2342 2582 2413 in

291 2468 647 2566 prosodia
692 2467 950 2568 ἐρῆμος
983 2466 1252 2560 ἑτοῖμος
1298 2465 1535 2560 ὁμοῖος
1592 2467 2277 2564 properispomena,
2343 2466 2582 2550 Νεκώς

289 2597 541 2680 Σεθώς
586 2594 822 2695 Φερώς
871 2595 1164 2691 aliaque
1218 2596 1638 2671 consimilia
1684 2606 2009 2694 oxytona
2027 2652 2044 2685 ,
2118 2595 2582 2670 Παλαιστινῶν

292 2724 385 2822 (Γ
416 2725 486 2821 5)
525 2727 754 2799 etiam
788 2734 1077 2821 praeter
1109 2727 1470 2803 rationem
1509 2726 1680 2822 (vid.
1719 2727 1814 2800 G.
1846 2724 2174 2800 Dindorf
2201 2727 2577 2822 Epiphan.

291 2852 607 2952 praefat.
673 2880 744 2949 p.
801 2855 998 2927 VIII
1054 2854 1226 2951 sq.):
1302 2854 1421 2928 vel
1488 2879 1785 2950 prorsus
1842 2864 2114 2930 temere
2182 2881 2267 2929 ac
2330 2866 2585 2929 contra

286 2985 542 3080 legem
605 3010 690 3057 ac
750 2986 1361 3058 consuetudinem
1431 2985 1495 3057 si
1565 2986 1815 3058 minus
1891 2986 2328 3081 scriptorum
2393 2986 2584 3058 ioni-

288 3138 549 3187 corum
586 3123 666 3186 at
700 3122 893 3188 certe
929 3114 1279 3188 orationis
1315 3113 1805 3200 Hel-odotem,
1860 3138 2049 3209 quae
2086 3115 2353 3210 partim
2392 3112 2586 3187 infra

291 3267 438 3317 suo
488 3243 818 3338 quidque
837 3304 846 3311 .
865 3241 1027 3315 loco
1077 3240 1543 3330 refellentur,
1607 3243 1732 3315 hic
1782 3243 2173 3339 potissima
2222 3246 2581 3339 quaedam

288 3375 382 3446 in
419 3381 824 3467 conspectu
857 3396 1167 3466 ponam:
1226 3372 1426 3468 οὖρος
1461 3370 1858 3465 οὐνομάζειν
1891 3369 2317 3469 Ψαμμίτιχος
2352 3371 2580 3470 Συρη-

291 3501 558 3574 κούσιοι
579 3500 878 3595 passim,
893 3500 1201 3599 ξυμφορή
1224 3502 1321 3596 (A
1337 3500 1461 3596 32)
1481 3509 1730 3573 autem
1758 3499 2197 3601 ξυνιβάλοντο
2227 3501 2580 3594 Ευμπεσεῖν

288 3629 595 3725 aliaque
621 3628 1049 3703 huiusmodi
1077 3630 1401 3703 maxime
1428 3654 1561 3724 per
1587 3628 1816 3702 libros
1844 3625 1905 3703 E
1933 3627 1987 3703 Z
2017 3626 2106 3715 H,
2137 3654 2583 3724 quamquam

286 3784 391 3833 ne
426 3760 536 3832 ibi
573 3759 876 3854 quidem
911 3757 1190 3853 ubique
1227 3768 1303 3832 et
1338 3766 1783 3832 constanter.
1855 3759 1937 3831 in
1973 3761 2363 3833 verborum
2398 3781 2585 3850 quo-

285 3913 438 3985 que
487 3887 987 3961 declinatione
1042 3889 1338 3963 tametsi
1386 3885 1649 3960 fortius
1701 3886 2085 3983 aliquanto
2133 3912 2290 3960 rem
2329 3888 2582 3983 gessit,

283 4019 514 4114 longe
586 4014 777 4089 afuit
838 4042 884 4088 a
945 4027 1308 4112 perpetua
1364 4018 1457 4089 ad
1506 4026 1739 4089 certas
1788 4016 1989 4112 leges
2042 4017 2577 4090 emendatione.

283 4149 519 4221 verba
551 4147 756 4220 enim
793 4144 1082 4237 aliquot
1131 4147 1212 4218 in
1264 4170 1370 4219 αω
1413 4169 1583 4218 cum
1637 4147 1913 4240 passim
1967 4147 2074 4218 sic
2106 4142 2421 4219 formata
2454 4148 2583 4218 ad-

282 4284 608 4351 verteret
642 4284 728 4347 ut
761 4273 1015 4349 littera
1050 4302 1110 4344 ω
1157 4300 1252 4347 ex
1291 4300 1396 4347 αω
1442 4283 1817 4349 contracta
1851 4275 2095 4348 ionico
2134 4300 2333 4349 more
2370 4276 2451 4348 in
2487 4301 2580 4348 εω

280 4406 782 4504 diduceretur‚
831 4406 1186 4478 continuo
1223 4429 1386 4478 eam
1422 4404 1968 4478 heteroclisiam
2004 4429 2175 4479 cum
2230 4406 2311 4478 in
2346 4404 2585 4478 multa

279 4535 440 4610 alia
501 4534 831 4609 eiusdem
892 4534 1433 4631 conjugationis
1484 4535 1709 4606 verba
1758 4533 2147 4608 transtulit
2166 4588 2184 4621 ,
2250 4543 2407 4607 tum
2459 4559 2581 4608 eas
