3059 5125
567 325 679 385 102
1500 326 1901 387 -Α-

555 505 663 569 τὸν
741 489 845 570 ἐπ’
924 500 1172 570 ἑωυτὸν
1245 501 1456 570 ι’όντα,
1531 501 1756 579 δείσας
1813 501 2037 596 οἴχετο
2095 502 2362 597 φεύγων
2428 501 2497 581 ἐς
2562 497 2823 596 Κύμην.

559 615 893 718 Μαζάρης
954 618 1027 690 δέ
1082 621 1117 688 ό
1173 614 1414 719 Μῆδος
1477 618 1729 700 ἐλάσας
1793 620 1902 690 ἐπὶ
1960 616 2078 699 τὰς
2130 619 2380 719 Σάρδις
2433 627 2549 692 τοῦ
2611 617 2831 718 Κύρου

555 747 838 839 στρατοῦ
881 745 1117 836 μοῖραν
1159 740 1328 836 ὅσην
1372 738 1457 837 δή
1497 764 1647 810 κοτε
1686 737 1889 837 ἔχων,
1946 743 2041 820 ως
2077 738 2196 809 οὐκ
2252 740 2406 838 εὗρε
2456 739 2554 812 ἔτι
2607 741 2833 820 ἐόντας

555 865 711 942 τοὺς
771 858 946 956 ἀμφὶ
1005 858 1320 956 Πακτύην
1379 860 1446 931 ἐν
1513 857 1823 958 Σάρδισι,
1894 867 2131 958 πρῶτα
2190 862 2310 955 μὲν
2369 863 2525 942 τοὺς
2578 859 2835 939 Λυδοὺς

554 981 895 1079 ἠνάγκασε
934 977 1048 1060 τὰς
1093 977 1318 1077 Κύρου
1357 978 1631 1060 ἐντολὰς
1667 979 2049 1053 ἐπιτελέειν.
2105 981 2177 1053 ἐκ
2213 983 2457 1053 τούτου
2495 981 2568 1053 δὲ
2611 980 2836 1052 κελευ-
2892 1005 2911 1046 επ

556 1104 902 1198 σμοσύνης
973 1101 1177 1171 Λυδοὶ
1251 1102 1372 1198 τὴν
1438 1102 1662 1171 πᾶσαν
1719 1101 1971 1172 δίαιταν
2032 1109 2155 1199 τῆς
2214 1104 2382 1200 ζόης
2441 1101 2833 1202 μετέβαλον.

562 1217 896 1318 Μαζάρης
956 1219 1029 1291 δὲ
1094 1220 1262 1312 μετὰ
1334 1224 1528 1290 τοῦτο
1587 1218 1845 1313 ἔπεμπε
1900 1221 1973 1301 ἐς
2027 1224 2148 1319 τὴν
2214 1219 2462 1321 Κύμην
2522 1221 2843 1320 ἀγγέλους

556 1339 885 1412 ἐκδιδόναι
939 1339 1227 1410 κελεύων
1288 1337 1622 1436 Πακτύην.
1717 1341 1778 1409 οἱ
1832 1339 1904 1411 δὲ
1958 1338 2254 1434 Κυμαῖοι
2307 1341 2616 1439 ἔγνωσαν
2680 1367 2841 1434 συμ-

559 1461 809 1560 βουλῆς
864 1460 1018 1557 πέρι
1074 1458 1143 1538 ἐς
1193 1459 1349 1531 θεὸν
1409 1456 1677 1530 ἀνοῖσαι
1739 1462 1848 1531 τὸν
1909 1461 1976 1532 ἐν
2030 1458 2505 1560 Βραγχίδῃσι·
2575 1464 2668 1560 ἦν
2728 1460 2844 1557 γὰρ

558 1580 793 1652 αὐτόθι
835 1582 1156 1676 μαντήιον
1195 1578 1269 1648 ἐκ
1302 1579 1597 1651 παλαιοῦ
1637 1580 2006 1678 ἱδρυμένον,
2064 1575 2434 1679 τῷἼωνές
2481 1608 2554 1654 τε
2606 1582 2846 1661 πάντες
2878 1605 2919 1652 ιιι

558 1703 666 1772 καὶ
725 1695 1000 1779 Αἰολέες
1053 1697 1357 1771 ἐώθεσαν
1417 1699 1735 1797 χρᾶσθαι.
1831 1702 1865 1771 ό
1918 1698 1991 1771 δέ
2026 1709 2256 1800 χῶρος
2304 1701 2501 1783 οὗτος
2548 1702 2698 1775 ἐστὶ
2734 1711 2847 1802 τῆς

431 1836 543 1896 158
567 1817 917 1919 Μιλησίης
973 1817 1140 1917 ὑπὲρ
1198 1816 1560 1918 Πανόρμου
1616 1820 1907 1914 λιμένος.
2000 1822 2388 1919 πέμψαντες
2434 1825 2532 1894 ὧν
2588 1825 2656 1893 οἱ
2712 1818 2845 1893 Κυ-

561 1945 746 2035 μαῖοι
789 1941 859 2021 ἐς
895 1941 1049 2019 τοὺς
1086 1935 1480 2037 Βραγχίδας
1514 1940 1940 2040 θεοπρόπους
1976 1945 2287 2041 εἰρώτευν
2340 1945 2494 2041 περὶ
2532 1940 2849 2039 Πακτύην

557 2064 774 2134 ὁκοῖόν
817 2087 878 2132 τι
917 2060 1260 2140 ποιέοντες
1303 2060 1518 2133 θεοῖσι
1574 2060 1880 2156 μέλλοιεν
1935 2062 2337 2160 χαριεῖσθαι.
2427 2062 2850 2160 ἐπειρωτῶσι

559 2183 634 2254 δέ
668 2208 787 2278 σφι
825 2186 1033 2252 ταῦτα
1069 2185 1488 2280 χρηστήριον
1529 2181 1794 2279 ἐγένετο
1832 2182 2167 2253 ἐκδιδόναι
2208 2180 2529 2279 Πακτύην
2572 2179 2847 2279 Πέρσῃ·
2886 2204 2925 2253 15

557 2331 644 2376 σι.
739 2307 945 2372 ταῦτα
982 2300 1058 2373 δὲ
1096 2303 1193 2381 ὡς
1229 2297 1713 2399 ἀπενειχθέντα
1744 2303 2042 2401 ἤκουσαν
2082 2304 2142 2373 οἱ
2184 2298 2499 2395 Κυμαῖοι,
2558 2300 2852 2400 ὁρμέατο

557 2423 921 2495 ἐκδιδόναι·
993 2422 1384 2521 ὁρμημένου
1432 2420 1507 2492 δὲ
1556 2424 1770 2519 ταύτῃ
1824 2426 1943 2493 τοῦ
1992 2422 2331 2520 πλήθεος,
2380 2415 2852 2520 Ἀριστόδικος

561 2537 1089 2642 ὸςΗρακλείδεω
1128 2538 1299 2641 ἀνὴρ
1336 2549 1467 2613 τῶν
1510 2539 1732 2616 ἀστῶν
1768 2542 1898 2614 ἐὼν
1933 2542 2204 2637 δόκιμος
2234 2541 2398 2641 ἔσχε
2435 2544 2535 2641 μὴ
2574 2552 2854 2643 ποιῆσαι

559 2670 771 2736 ταῦτα
807 2659 1176 2756 Κυμαίους,
1233 2660 1571 2734 ἀπιστέων
1634 2689 1703 2734 τε
1760 2665 1857 2760 τῷ
1914 2666 2215 2762 χρησμῷ
2252 2666 2361 2735 καὶ
2401 2662 2666 2735 δοκέων
2709 2665 2855 2740 τοὺς

563 2785 984 2881 θεοπρόπους
1017 2780 1096 2852 ού
1134 2780 1349 2878 λέγειν
1388 2780 1727 2880 ἀληθέως,
1784 2781 1854 2863 ἐς
1899 2783 1935 2852 ὃ
1986 2786 2058 2853 τὸ
2121 2784 2432 2881 δεύτερον
2490 2786 2654 2882 περὶ
2716 2780 2852 2854 Πα-
2883 2806 2928 2853 ευ

563 2903 773 2974 κτύεω
808 2901 1327 3000 ἐπειρησόμενοι
1360 2903 1561 3001 ἤισαν
1593 2900 1789 2974 ἄλλοι
1817 2902 2207 3001 θεοπρόποι,
2243 2909 2377 2973 τῶν
2413 2907 2521 2974 καὶ
2547 2892 2855 3001 Ἀριστό-

561 3023 742 3103 δικος
777 3025 883 3120 ἦν.
980 3019 1403 3115 ἀπικομένων
1455 3019 1530 3093 δὲ
1578 3022 1649 3102 ἐς
1700 3019 2094 3122 Βραγχίδας
2145 3022 2739 3123 ἐχρηστηριάζετο
2792 3024 2857 3094 ἐκ

429 3143 825 3218 159πάντων
874 3131 1340 3240 Ἀριστόδικος
1395 3139 1815 3239 ἐπειρωτέων
1869 3142 2049 3215 τάδε.
2135 3130 2389 3223 ((ὧναξ,
2452 3144 2631 3243 ἦλθε
2685 3132 2847 3239 παρ’

558 3262 780 3362 ἡμέας
820 3261 1043 3360 ἱκέτης
1082 3258 1398 3358 Πακτύης
1437 3259 1472 3329 ὁ
1513 3260 1750 3345 Λυδός,
1797 3264 2065 3360 φεύγων
2108 3261 2390 3334 θάνατον
2429 3262 2653 3363 βίαιον
2692 3264 2854 3361 πρὸς

563 3377 916 3481 Περσέων·
976 3383 1038 3451 οἰ
1090 3379 1165 3451 δέ
1223 3407 1331 3474 μιν
1385 3379 1807 3459 ἐξαιτέονται.
1858 3384 2163 3480 προεῖναι
2213 3378 2563 3476 Κυμαίους
2616 3382 2849 3456 κελεύ-
2880 3403 2927 3452 2²1

558 3527 763 3582 οντες.
889 3503 1090 3599 ἡμεῖς
1146 3501 1219 3573 δέ
1277 3501 1729 3595 δειμαίνοντες
1779 3505 1902 3600 τὴν
1957 3500 2277 3600 Περσέων
2344 3503 2665 3597 δύναμιν.
2745 3505 2849 3573 τὸν

797 3822 810 3831 ,
885 3757 997 3826 περὶ
1024 3754 1259 3810 [Ιακτύου
1296 3758 1385 3810 καὶ
1419 3763 1508 3809 τοῦ
1549 3757 1603 3840 ἐν
1640 3755 1781 3829 Βραγ
1826 3757 1952 3816 ίδαις
1989 3758 2302 3879 χρηστηρίου
2339 3758 2427 3809 καὶ
2473 3763 2563 3810 τοῦ
2613 3757 2851 3814 δοθέντος

769 3822 1023 3894 Κυμαίοις
1048 3830 1286 3898 χρησμοῦ
1454 3825 1567 3896 περὶ
1607 3825 1792 3898 Αριστο
1829 3826 1941 3880 ίκου
1966 3836 2075 3886 πῶς
2102 3826 2185 3896 διή
2223 3828 2360 3898 εγξεν
2383 3828 2440 3880 τὸ
2463 3828 2788 3899 χρηστήριον

607 3988 896 3995 “q—“fl-

673 4088 712 4138 Ι.
755 4087 952 4140 ἐόντας,
997 4088 1020 4150 ΙΙ
1069 4087 1252 4157 ὤιχετο
1277 4087 1482 4151 ABR,
1512 4088 1676 4157 ὤχετο
1710 4088 1757 4141 C'
1804 4088 1827 4151 11
1886 4090 1934 4138 3.
1979 4086 2153 4139 ούκει
2183 4087 2281 4158 οὐχ
2328 4089 2349 4151 ΙΙ
2411 4089 2460 4139 5.
2501 4087 2849 4153 κεκελευσμο-

558 4156 710 4227 σύνης
738 4160 875 4226 Apr.
930 4158 950 4221 ΙΙ
1000 4160 1047 4207 6.
1091 4156 1162 4216 :dv
1204 4175 1226 4214 ς
1256 4157 1304 4209 C
1355 4157 1377 4219 ΙΙ
1436 4158 1485 4208 9.
1526 4155 1719 4208 ἀνῶσαι
1742 4156 1973 4218 codices,
2006 4156 2246 4225 ἀνῷσαιεε
2303 4158 2324 4221 ΙΙ
2390 4158 2468 4207 11.
2511 4156 2709 4210 ἐώθασι
2738 4158 2788 4211 C

555 4226 798 4297 χρίεσθαι
824 4228 872 4280 L
921 4228 940 4290 ΙΙ
990 4225 1137 4283 οὗτος
1162 4175 1269 4278 ἓστι
1295 4226 1432 4279 AB:
1480 4227 1501 4289 ΙΙ
1557 4226 1635 4276 12.
1680 4225 1885 4297 πέμψας
1913 4224 1968 4278 δὲ
1994 4227 2064 4278 ὧν
2096 4227 2145 4279 C
2183 4228 2205 4289 ΙΙ
2273 4228 2351 4278 13.
2390 4225 2623 4294 ἠρώτων
2655 4228 2777 4281 0st

567 4299 640 4349 14.
685 4298 987 4365 ἐπηρωτῶσι
1019 4296 1066 4349 C
1105 4296 1126 4358 ΙΙ
1181 4296 1256 4345 15.
1301 4294 1564 4364 πέρσηισιν
1590 4296 1703 4348 ΑΒ
1750 4298 1771 4359 ΙΙ
1824 4296 1903 4345 17.
1945 4294 2244 4384 ὁρμημένου
2269 4294 2491 4364 scripsi:
2538 4295 2845 4364 ὁρμωμένου

557 4368 682 4427 ΑΒ,
713 4364 1046 4436 όρμεωμένου
1080 4364 1136 4425 C,
1167 4364 1193 4417 ὁ
1231 4364 1483 4432 μεομένου
1512 4364 1587 4416 Pz
1657 4366 1678 4429 'l
1756 4366 1834 4414 19.
1877 4364 2161 4417 ἀπιστευων
2194 4365 2242 4418 C
2308 4366 2329 4429 [Ι
2412 4366 2495 4414 20.
2537 4364 2627 4417 ἐσὸ
2654 4367 2769 4419 ΑΒ

560 4437 642 4485 21.
685 4435 1060 4505 ἐπηρησόμενοι
1091 4434 1139 4484 0
1189 4381 1225 4496 ΙῨ
1276 4430 1451 4499 ἤιεσαν
1476 4432 1710 4493 codices,
1741 4424 1892 4503 ᾔεσαν
1916 4452 1942 4485 z
2007 4435 2029 4498 ΙΙ
2100 4434 2184 4485 23.
2226 4433 2544 4503 ἑπειρωτέων
2572 4434 2680 4487 Ρὲιε
2710 4434 2843 4486 ἐπει-

561 4512 736 4579 ρωτῶν
763 4506 890 4567 ΑΒ,
925 4501 1233 4573 ἐπηρωτέων
1265 4501 1311 4553 C
1352 4504 1375 4566 ΙΙ
1423 4501 1556 4564 ὦναξ
1588 4503 1653 4555 βξ
1700 4505 1721 4569 u
1777 4504 1859 4554 25.
1901 4501 2194 4562 κελεύοντες
2220 4499 2487 4571 Κυμαίους
2513 4520 2538 4554 .·.
