3059 5125
2338 347 2464 409 475

161 524 268 605 τῴ
307 511 684 598 Ἀπόλλωνι).
731 552 819 574 -κ-
858 512 1115 605 hepta.
1181 514 1453 598 ὁπλῖται,
1498 553 1587 570 -—·
1629 512 2061 604 ἐσηθήσαντες.
2134 513 2460 596 ὖλίσαντες,

157 667 265 682 --
326 624 578 695 εὖιστό.
670 625 964 717 οόημερία
980 680 1002 710 ,
1082 626 1361 717 εὐετηρία
1412 634 1543 695 κτλ.
1623 651 1773 693 cum
1823 630 2013 694 docta
2069 630 2467 714 Diogeniani

162 741 554 821 mentione,
599 778 685 794 --
727 763 854 806 nec
893 742 1113 806 minus
1158 742 1413 806 erudita
1453 742 1634 806 verbi
1665 742 1951 816 σπαδίξας
1994 742 2462 826 interpretatio,

172 891 263 910 ·-·
301 850 624 942 φρενήρης·
651 850 911 942 σώφρων
945 853 1336 939 (Hesychim
1365 850 1723 942 ἀρτίφρων),
1748 863 2179 939 -Postremo
2208 854 2470 939 ⁴³suffisia

167 966 302 1032 ina
343 967 425 1033 de
468 962 638 1054 ιίρήν
682 966 1137 1050 similibusque
1179 976 1465 1034 aetatmn
1504 965 1863 1052 puerilium
1894 965 2462 1051 adpellationibus,

169 1101 353 1165 quae
394 1080 574 1143 haud
616 1079 816 1143 dubie
855 1089 1177 1142 venerunt
1219 1100 1256 1143 e
1297 1077 1507 1143 nobili
1550 1077 1667 1142 illo
1712 1078 2169 1162 Aristophanis
2196 1080 2466 1165 Byzan-

173 1192 259 1257 tii
317 1192 485 1257 libro
555 1188 693 1278 περὶ
747 1185 1002 1276 ἦλικιὸν
1060 1191 1197 1255 sive
1259 1189 1398 1278 πιρὶ
1464 1187 1794 1276 ὀνομασίας
1851 1186 2128 1275 ἡλικιῶν.
2222 1191 2470 1275 reliqua

175 1303 410 1370 omnis
450 1304 522 1367 in
565 1302 921 1387 grandibus
976 1301 1109 1368 illis
1153 1302 1383 1370 lexicis
1399 1351 1421 1381 ,
1485 1324 1653 1386 quae
1712 1324 1748 1367 e
1810 1302 2004 1366 variis
2065 1302 2469 1387 superiorum

177 1416 390 1503 copiis
408 1464 429 1495 ‚
500 1414 668 1482 nihil
732 1425 986 1500 praeter
1046 1414 1387 1499 digerendi
1450 1414 1989 1498 describendique
2057 1414 2470 1479 sedulitatem

177 1530 270 1595 de
326 1550 445 1600 sue
501 1526 900 1606 adferentes,
970 1528 1148 1592 varie
1205 1536 1707 1611 composuerunt
1762 1526 2136 1612 Hesychius
2193 1525 2468 1592 Photius

177 1638 519 1707 Antonius
549 1639 784 1706 Suidas
801 1688 822 1718 ‚
869 1649 985 1704 aut
1025 1639 1099 1704 in
1140 1638 1498 1706 lexiconm
1525 1637 2262 1723 commentariorumque
2305 1638 2468 1703 reli-

178 1753 362 1839 quiin
428 1751 807 1838 epitomisve
869 1752 965 1817 ita
1017 1750 1152 1816 fere
1205 1761 1283 1815 ut
1332 1752 1406 1815 in
1449 1751 1585 1817 ΑΒ
1626 1750 1952 1838 leguntur.
2048 1773 2087 1816 e
2130 1750 2368 1835 quibus
2411 1751 2470 1814 is

179 1864 306 1950 qui
347 1874 558 1929 aetate
598 1863 993 1930 novissimus
1038 1873 1135 1928 est
1150 1913 1170 1943 ‚
1222 1864 1456 1932 Suidas
1475 1912 1496 1942 ‚
1544 1863 1890 1948 praecipue
1931 1863 2004 1926 in
2034 1863 2469 1947 comparatio-

179 1999 344 2043 nem
384 1977 716 2041 vocandus
758 1986 890 2055 est,
938 1986 1278 2062 propterea
1319 1974 1495 2059 quod
1540 1984 1606 2039 et
1645 1974 1930 2060 plurima
1957 1996 2108 2038 cum
2150 1974 2254 2038 his
2282 1973 2468 2059 glos-

181 2091 280 2155 sis
321 2089 522 2153 habet
578 2088 950 2158 communia
1003 2097 1070 2152 et
1123 2087 1390 2154 omnino
1432 2087 1738 2152 idoneam
1795 2087 2067 2171 praebet
2106 2085 2468 2166 materiam,

183 2202 368 2270 unde
412 2202 494 2265 de
536 2199 984 2286 glossographi
1027 2200 1210 2265 fonte
1251 2222 1329 2264 ac
1368 2200 1617 2266 ratione
1660 2198 2013 2263 existimes.

364 2312 667 2378 Suidas
710 2313 920 2391 euim,
969 2313 1084 2396 qui
1102 2361 1123 2390 ‚
1170 2334 1307 2376 uno
1350 2321 1621 2397 excepto
1649 2310 1994 2375 Euststhio
2013 2360 2033 2390 ‚
2079 2310 2277 2395 longe
2304 2310 2467 2397 plu-

181 2426 357 2491 rima
409 2445 494 2489 ex
536 2423 847 2489 Historiis
905 2423 1225 2490 Herodoti
1282 2433 1543 2509 sumpta
1597 2423 1795 2488 habet
1852 2432 1996 2488 tum
2040 2422 2302 2508 singula
2343 2443 2470 2487 ex-

183 2536 479 2625 plicandi
523 2558 718 2602 causa
770 2535 1086 2602 vocabula
1139 2545 1281 2601 tum
1339 2545 1509 2601 totos
1562 2534 1740 2601 locos
1796 2546 2129 2620 tamquam
2175 2534 2473 2622 exempla

185 2651 496 2737 antiquae
553 2648 1074 2727 consuetudinis,
1132 2670 1272 2715 non
1324 2648 1640 2714 lectitavit
1690 2647 1806 2712 ille
1863 2648 2128 2733 quidem
2184 2669 2327 2713 eam
2386 2649 2470 2713 ob

184 2785 332 2831 rem
371 2762 516 2849 ipse
542 2762 951 2831 Herodotum
996 2772 1190 2848 atque
1230 2761 1306 2826 in
1348 2782 1544 2828 usum
1584 2760 1872 2839 vocavit,
1921 2761 2470 2844 quemadmodum

185 2876 390 2942 nimis
446 2874 801 2947 honorifice
856 2874 966 2939 vel
1016 2883 1092 2938 ut
1156 2882 1376 2959 aperte
1419 2874 1633 2939 dicam
1673 2894 1907 2957 perum
1950 2871 2350 2941 considerate
2393 2874 2474 2937 de

188 3009 272 3053 eo
331 2987 650 3057 iudicavit
711 2970 1092 3071 Bernhardy
1161 2985 1423 3063 (Suidae
1489 2994 1649 3051 tom.
1720 2985 1789 3048 Π
1852 3006 1916 3070 p.
1988 2984 2278 3064 XLIV),
2340 3005 2477 3049 non

189 3100 405 3185 magis
461 3120 660 3184 quam
713 3107 830 3163 aut
882 3097 1164 3182 reliquos
1219 3096 1368 3163 illos
1426 3096 1742 3161 sermonis
1783 3095 1989 3160 Attici
2030 3105 2323 3160 auctores
2365 3107 2481 3161 aut

189 3212 622 3300 posteriorum
688 3221 1051 3295 temporum
1097 3208 1437 3293 scriptores
1455 3257 1477 3289 ,
1546 3230 1773 3273 verum
1794 3257 1814 3287 ,
1883 3229 2052 3292 quae
2107 3217 2246 3273 erat
2300 3207 2480 3272 illius

190 3323 342 3390 aevi
383 3323 556 3388 iners
598 3321 920 3387 industria
936 3370 958 3400 ‚
1021 3331 1276 3407 praeter
1330 3319 1540 3385 multa
1581 3319 1710 3384 alia
1751 3320 2042 3385 historici
2084 3319 2482 3404 litteratique

189 3434 452 3522 generis
469 3484 489 3514 ‚
532 3434 891 3500 lexicorum
924 3431 1208 3503 maxime
1239 3432 1705 3498 rhetoricorum
1720 3482 1740 3511 ‚
1790 3453 1958 3516 quae
2003 3431 2327 3497 Hadriani
2366 3432 2481 3497 in·-

188 3547 422 3635 primis
461 3546 797 3612 saomlum
838 3546 1103 3613 doctum
1144 3544 1498 3629 sollersque
1528 3554 1595 3609 et
1634 3544 1845 3613 multa
1873 3553 1940 3608 et
1967 3543 2294 3609 uberrima
2322 3564 2481 3609 con-

191 3659 470 3737 diderat,
504 3658 808 3742 ingentes
838 3657 1055 3742 copias
1086 3656 1459 3741 compilavit
1487 3656 1595 3725 vel
1621 3656 1839 3742 potius
1870 3656 1952 3720 ab
1983 3655 2128 3720 aliis
2159 3654 2481 3740 compila-

187 3782 297 3837 tas
340 3781 407 3835 et
448 3779 847 3835 constructas
876 3791 993 3855 pro
1021 3767 1286 3833 arbitrio
1316 3769 1535 3833 denuo
1569 3767 1908 3853 discerpsit
1951 3787 2250 3850 novoque
2278 3766 2482 3831 moli·-

191 3883 377 3953 minc
403 3882 477 3947 in
504 3881 659 3947 novi
689 3881 884 3946 lexici
913 3880 1136 3945 orbem
1167 3879 1521 3965 colligavit.
1573 3901 1740 3964 quae
1768 3901 1871 3945 res
1898 3889 2243 3965 postquam
2273 3900 2485 3963 nuper

191 3994 431 4062 Meieri
471 3994 887 4079 potissimum
927 3994 1010 4057 de
1051 3991 1230 4061 omni
1275 3992 1401 4058 hoc
1440 4013 1681 4076 genere
1724 3991 2081 4059 lexicorum
2121 3990 2484 4057 rhetorico-

193 4130 344 4175 rum
366 4130 443 4172 ιο
461 4116 612 4193 post
630 4105 821 4170 illum
845 4105 1104 4183 Cobefi,
1130 4104 1400 4181 Naberi,
1429 4103 1889 4171 Rindfieischii
1913 4102 2484 4171 commentationi-

194 4223 321 4287 bus
351 4220 434 4284 de
461 4218 639 4284 Aelii
666 4217 968 4303 Dionysii
996 4217 1491 4301 Pausaniaeque
1520 4216 1945 4285 nobilissimis
1967 4216 2194 4281 lexicis
2217 4238 2484 4281 eorum-

196 4354 328 4418 que
366 4331 543 4416 apud
569 4330 880 4396 photium
913 4329 1182 4395 Suidam
1212 4328 1635 4394 Eustathium
1679 4329 1968 4414 aliosque
1999 4328 2291 4413 reliquiis
2329 4328 2485 4392 satis

199 4443 522 4509 illustrata
564 4452 696 4521 est,
743 4463 880 4507 non
920 4442 1056 4507 iam
1096 4441 1338 4506 habere
1392 4440 1655 4505 videtur
1696 4441 2193 4509 dubitationem.
2268 4441 2488 4506 Hero·
