3059 5125
632 306 758 367 310
1570 300 1969 365 -Θ-

633 477 852 551 ἐπείτε
888 473 1281 576 Εὐρυβιάδῃ
1343 475 1569 565 ἔδοξε,
1631 475 1837 549 αὐτοῦ
1886 475 2463 572 παρεσκευάζοντο
2507 478 2591 555 ὡς
2617 497 2806 563 ναυμα·

630 600 984 694 χήσοντες.
1059 595 1285 693 ἡμέρη
1342 620 1414 666 τε
1461 596 1713 692 ἐγίνετο
1760 598 1869 666 καὶ
1905 594 2046 689 ἅμα
2114 596 2218 688 τῷ
2263 593 2441 690 ἡλίῳ
2475 592 2683 664 ἀνιόντι
2710 616 2806 662 σει-

632 719 803 810 σμὸς
861 714 1125 812 ἐγένετο
1165 714 1233 786 ἔν
1290 739 1361 786 τε
1409 714 1495 812 τῇ
1553 716 1642 812 γῇ
1691 715 1798 785 καὶ
1846 715 1934 811 τῇ
1993 710 2337 808 θαλάσσῃ.
2427 711 2595 792 ἔδοξε
2638 711 2697 782 δέ
2731 735 2808 804 σφι

630 831 949 913 εὔξασθαι
1005 838 1175 905 τοῖσι
1211 832 1427 905 θεοῖσι
1480 834 1588 905 καὶ
1621 829 2148 904 ἐπικαλέσασθαι
2182 831 2344 909 τοὺς
2377 825 2666 908 Αἰακίδας
2694 853 2811 919 συμ-

633 955 913 1049 μάχους.
990 958 1085 1032 ὡς
1121 951 1197 1023 δέ
1234 978 1352 1047 σφι
1388 950 1598 1039 ἔδοξε,
1637 953 1748 1022 καὶ
1784 951 2046 1022 ἐποίευν
2085 955 2329 1021 ταῦτα·
2405 949 2706 1041 εὐξάμενοι
2730 945 2818 1042 γὰρ
2861 961 2880 1007 ⁵

628 1076 796 1144 πᾶσι
840 1075 1009 1146 τοῖσι
1057 1069 1311 1159 θεοῖσι,
1368 1069 1650 1142 αὐτόθεν
1703 1068 1824 1163 μὲν
1865 1069 1940 1141 ἐκ
1975 1069 2367 1161 Σαλαμῖνος
2403 1063 2641 1139 Αἴαντά
2667 1091 2724 1137 τε
2748 1067 2824 1134 καὶ

629 1187 1005 1284 Τελαμῶνα
1042 1188 1517 1277 ἐπεκαλέοντο,
1577 1189 1686 1262 ἐπὶ
1725 1187 1800 1261 δὲ
1837 1184 2083 1260 Αίακδν
2121 1190 2232 1258 καὶ
2264 1190 2424 1267 τοὺς
2458 1187 2680 1265 ἄλλους
2704 1180 2824 1255 Αἰα-

627 1310 813 1389 κίδας
846 1309 965 1380 νέα
1002 1304 1411 1379 ἀπέστελλον
1448 1307 1518 1388 ές
1552 1303 1848 1404 Αἴγιναν.

513 1438 596 1501 65
769 1413 963 1524 Ἔφη
1026 1423 1099 1496 δὲ
1134 1423 1402 1506 Δίκαιος
1439 1427 1475 1497 ὁ
1514 1424 1916 1514 Θεοκύδεος,
1972 1423 2141 1525 ἀνὴρ
2169 1414 2550 1523 Ἀθηναῖος
2579 1424 2758 1520 φυγάς
2780 1446 2828 1490 τι

629 1550 736 1618 καὶ
795 1543 979 1644 παρὰ
1042 1539 1345 1641 Μήδοισι
1398 1543 1676 1641 λόγιμος
1742 1549 2099 1640 γενόμενος
2153 1549 2391 1615 τοῦτον
2460 1547 2570 1615 τὸν
2625 1545 2827 1639 χρόνον,
2853 1558 2892 1607 ιο

627 1666 843 1738 ἐπείτε
892 1665 1182 1761 ἐκείρετο
1235 1664 1282 1760 ἡ
1311 1657 1594 1760 Ἀττικὴ
1645 1668 1841 1761 χώρη
1891 1653 2017 1735 ὑπὸ
2054 1668 2176 1734 τοῦ
2210 1664 2426 1743 πεζοῦ
2464 1666 2718 1758 στρατοῦ
2745 1663 2828 1730 τοῦ

626 1780 891 1880 Ξέρξεω
928 1782 1131 1854 ἐοῦσα
1169 1780 1425 1879 ἔρημος
1453 1772 1850 1880 Ἀθηναίων
1872 1839 1890 1868 ,
1945 1784 2168 1879 τυχεῖν
2219 1783 2371 1853 τότε
2411 1780 2540 1852 ἐὼν
2575 1779 2699 1871 ἅμα
2725 1775 2828 1871 Δη-

628 1905 915 1999 μαρήτῳ
947 1901 1046 1995 τῷ
1074 1898 1584 1996 Λακεδαιμονίῳ
1621 1900 1690 1972 έν
1730 1903 1829 1996 τῷ
1869 1898 2163 1998 Θριασίῳ
2198 1901 2436 1995 πεδίῳ,
2478 1899 2626 1970 ίδεῖν
2659 1896 2721 1968 δὲ
2747 1921 2829 1964 κο-

623 2021 879 2117 νιορτὸν
934 2018 1287 2116 χωρέοντα
1353 2008 1471 2090 ἀπ’
1539 2010 1938 2098 Ἐλευσῖνος
2001 2022 2097 2098 ὡς
2156 2015 2418 2116 ἀνδρῶν
2475 2013 2732 2110 μάλιστά
2767 2036 2828 2106 κῃ

621 2141 1060 2235 τρισμυρίων,
1129 2134 1648 2230 ἀποθωυμάζειν
1713 2136 1786 2207 τέ
1850 2162 2062 2232 σφεας
2122 2140 2233 2208 τὸν
2298 2139 2625 2234 κονιορτὸν
2679 2134 2830 2203 ὅτεών
2856 2147 2894 2196 15

620 2280 772 2327 κοτε
808 2255 913 2351 εἴη
957 2251 1366 2354 ἀνθρώπων,
1414 2258 1521 2326 καὶ
1556 2259 1849 2353 πρόκατε
1885 2264 2118 2354 φωνῆς
2154 2251 2457 2342 ἀκούειν,
2496 2258 2600 2325 καί
2632 2255 2688 2324 οἰ
2715 2252 2831 2346 φαί-

620 2373 852 2446 νεσθαι
892 2377 1015 2470 τὴν
1056 2376 1290 2472 φωνὴν
1330 2373 1498 2445 εἶναι
1534 2375 1646 2444 τὸν
1689 2377 1997 2468 μυστικὸν
2039 2375 2292 2471 ἴακχον.
2367 2369 2539 2445 εἶναι
2572 2362 2624 2442 δ’
2664 2368 2830 2462 ἀδαή-

623 2517 796 2587 μονα
842 2499 975 2563 τῶν
1036 2492 1193 2589 ἱρῶν
1247 2496 1381 2563 τῶν
1422 2490 1491 2563 ἐν
1520 2485 1863 2566 Ἐλευσῖνι
1894 2489 2267 2590 γινομένων
2307 2494 2422 2564 τὸν
2462 2489 2828 2589 Δημάρητον,

621 2610 916 2710 αἴρεσθαί
969 2636 1041 2683 τε
1100 2611 1296 2682 αὐτὸν
1348 2610 1388 2681 ὅ
1439 2636 1502 2682 τι
1537 2616 1612 2684 τὸ
1649 2612 2106 2708 φθεγγόμενον
2148 2613 2250 2708 εἴη
2292 2615 2512 2682 τοῦτο.
2585 2608 2753 2686 αὐτὸς
2778 2603 2830 2675 δὲ

619 2731 823 2802 εἰπεῖν
852 2717 886 2744 “
906 2727 1308 2827 Δημάρητε,
1366 2729 1486 2800 οὐκ
1536 2729 1676 2802 ἔστι
1713 2731 1887 2810 ὅκως
1940 2730 2019 2800 οὐ
2059 2728 2232 2827 μέγα
2267 2755 2332 2801 τι
2368 2733 2548 2810 σίνος
2582 2728 2744 2800 ἔσται
2769 2727 2828 2819 τῇ
2853 2740 2894 2789 ²⁸

621 2846 934 2947 βασιλέος
995 2849 1312 2946 στρατιῇ·
1358 2848 1548 2921 ’τάδε
1584 2848 1710 2947 γὰρ
1771 2847 2102 2947 ἀρίδηλα,
2163 2849 2427 2947 ἐρήμου
2481 2849 2705 2945 ἐούσης
2742 2851 2831 2941 τῆς

610 2955 962 3064 Ἀττικῆς,
1023 2965 1123 3036 ὅτι
1178 2965 1359 3038 θεῖον
1411 2971 1488 3039 τὸ
1539 2967 2037 3066 φθεγγόμενον,
2089 2957 2207 3038 ἀπ’
2262 2956 2646 3046 Ἐλευσῖνος
2677 2966 2753 3035 ίὸν
2781 2962 2830 3039 ἐς

617 3089 948 3183 τιμωρίην
980 3077 1419 3182 Ἀθηναίοισί
1454 3111 1526 3156 τε
1564 3088 1671 3158 καὶ
1705 3087 1878 3157 τοῖσι
1911 3086 2348 3181 συμμάχοισι.
2392 3088 2501 3157 καὶ
2535 3085 2613 3183 ἦν
2647 3084 2747 3177 μέν
2775 3104 2828 3175 γε

617 3205 1020 3301 κατασκήψῃ
1062 3202 1133 3283 ἐς
1177 3207 1302 3302 τὴν
1344 3201 1903 3303 Πελοπόννησον,
1959 3203 2256 3284 κίνδυνος
2304 3202 2490 3301 αὐτῷ
2526 3229 2594 3275 τε
2626 3196 2828 3303 βασιλέι

823 3422 1176 3562 δῃοιᾘρὶηξῶν
1212 3421 1471 3492 φανέντων
1510 3421 1790 3490 φασμάτων
1828 3419 2018 3492 Δικαίῳ
2066 3423 2154 3475 καὶ
2199 3420 2500 3494 Δημαρήτῳ
2530 3428 2618 3492 τῆς
2654 3419 2826 3484 Απᾱῆί

823 3678 903 3727 11.
946 3675 1270 3730 Eustathiuu
1295 3675 1362 3730 11.
1392 3693 1446 3747 p.
1478 3678 1577 3728 364

715 3814 764 3864 2.
806 3811 1004 3881 ἐγένετο
1028 3814 1085 3867 bx
1144 3816 1167 3878 ΙΙ
1226 3815 1275 3864 3.
1320 3813 1592 3883 ἐγίνετοΒ
1649 3815 1672 3878 ΙΙ
1729 3830 1914 3867 tuom.
1947 3815 2004 3867 R
2068 3816 2091 3880 ΙΙ
2163 3817 2209 3865 5.
2253 3814 2452 3868 ἐποίεον
2479 3816 2536 3869 R
2584 3818 2605 3880 ΙΙ
2653 3815 2695 3864 6.
2726 3813 2821 3873 tota

611 3882 859 4001 ἑτᾶἷιδιλΙΙ
908 3882 1001 3951 μὲν
1026 3898 1132 3934 om.
1164 3881 1220 3933 R
1278 3885 1300 3947 ΙΙ
1355 3882 1538 3947 τεκαὶ]
1566 3884 1652 3935 τὸν
1678 3882 1735 3936 R
1791 3884 1813 3946 ΙΙ
1863 3885 1909 3933 7.
1953 3881 2136 3936 atam
2162 3885 2218 3936 B
2264 3886 2287 3948 11
2335 3883 2384 3935 8.
2425 3890 2526 3954 νῆα
2547 3874 2823 3951 mmm

645 3966 682 4000 π
713 3965 794 4001 στε
849 3969 908 4001 αν

612 4016 919 4071 ἀπέστελλον
948 4017 1006 4081 C,
1038 4018 1389 4071 ἀπέστειλανε
1446 4020 1468 4083 ΙΙ
1528 4020 1577 4071 9.
1622 4016 1880 4077 Δικαῖοςι
1937 4020 1959 4084 ΙΙ
2024 4021 2102 4071 11.
2143 4024 2234 4072 τοῦ
2260 4037 2370 4073 om.
2407 4021 2456 4075 0
2499 4023 2521 4085 ΙΙ
2570 4020 2641 4071 12.
2751 4028 2819 4079 μοι

617 4085 775 4141 ΟΡὈσ
822 4088 846 4153 n
909 4087 990 4139 13.
1034 4088 1090 4140 δὲ
1116 4104 1221 4140 om.
1251 4105 1278 4139 z
1325 4090 1348 4153 ΙΙ
1399 4090 1715 4156 κορνιατὸνὶ)
1763 4090 1787 4153 ss
1838 4089 1917 4140 14.
1957 4106 2052 4141 που
2077 4089 2274 4143 ABGb
2319 4091 2345 4153 u
2410 4090 2485 4142 15.
2525 4086 2690 4142 amon
2752 4082 2769 4107 '

608 4155 830 4217 ABGb,
860 4154 1321 4224 ἀποθωῦμάζοντες
1347 4154 1465 4209 sine
1489 4173 1543 4208 τε
1571 4156 1628 4209 R
1674 4158 1697 4222 11
1745 4174 1900 4227 σφεας
1926 4173 2033 4208 om.
2063 4158 2120 4211 B
2166 4159 2189 4221 ΙΙ
2239 4157 2399 4211 ὁτέων
2430 4155 2478 4209 C
2516 4159 2538 4221 ΙΙ
2585 4158 2656 4208 18.
2690 4154 2818 4271 Wssw

607 4227 661 4277 A
735 4225 757 4289 ΙΙ
826 4223 1111 4294 γενομένων
1155 4222 1203 4275 C'
1268 4227 1290 4289 ΙΙ
1361 4224 1503 4293 δημά
1537 4242 1638 4276 ιτον
1663 4224 1736 4275 B¹
1809 4228 1831 4290 ΙΙ
1908 4227 1986 4277 19.
2027 4242 2082 4278 τε
2113 4243 2219 4279 om.
2252 4224 2309 4278 R
2379 4228 2402 4291 ΙΙ
2469 4230 2673 4279 τοιοῦτον
2699 4222 2738 4276 C
2803 4214 2819 4279 Ι

607 4292 689 4343 20.
744 4291 854 4345 εἷπε
881 4293 965 4355 R,
1007 4291 1145 4345 εἶπαι
1181 4311 1208 4345 z
1277 4296 1300 4359 n
1371 4291 1397 4344 δ
1441 4241 1617 4363 *tappete
1643 4294 1700 4346 B
1768 4295 1791 4358 11
1864 4291 1998 4352 ὅκως
2023 4310 2129 4347 om.
2162 4297 2192 4347 b
2262 4297 2286 4359 ΙΙ
2354 4294 2402 4348 τί
2428 4312 2556 4352 σινος
2585 4294 2635 4357 C,
2660 4292 2816 4343 τισίνῠς

607 4360 789 4415 1>sz
847 4362 869 4426 ΙΙ
928 4362 1012 4412 21.
1055 4359 1299 4430 βασιλέως
1328 4310 1663 4481 (ἑζὲασιλῆος
1687 4381 1714 4414 z
1772 4365 1795 4427 11
1854 4363 1937 4414 22.
1980 4360 2082 4415 ἀπὸ
2107 4361 2366 4422 ἐλευσῖνος
2394 4364 2466 4426 R,
2505 4379 2605 4415 om.
2629 4363 2656 4414 b
2704 4360 2723 4420 Ι
2756 4352 2816 4405 ἐὸν

606 4428 692 4481 R:
737 4431 759 4492 ΙΙ
807 4430 892 4480 23.
934 4429 1238 4499 ξυμμάχοισι
1263 4446 1290 4480 z
1338 4432 1360 4494 ΙΙ
1444 4431 1495 4481 4.
1533 4448 1586 4482 τε
1614 4445 1721 4483 om.
1760 4431 1815 4494 C,
1844 4448 1898 4482 τε
1921 4438 1994 4483 τῶ
2021 4432 2050 4484 b
2099 4433 2121 4496 ΙΙ
2169 4431 2368 4500 βασιλεῖ
2391 4433 2497 4486 ΑΒ
