3059 5125
545 341 709 387 val
1529 316 1823 372 Praefatio.

547 505 934 592 expertum
996 504 1108 567 est
1169 494 1547 568 saevitiam
1610 494 2055 567 criticorum.
2183 488 2407 563 εἵνεκα
2468 492 2671 564 enim
2735 516 2834 562 an

548 623 816 710 εἵνεκεν,
838 650 980 698 usu
1005 626 1397 698 admodum
1424 626 1766 698 crebrum
1790 632 2185 717 utrumque
2212 623 2341 720 sed
2365 619 2551 694 illud
2575 619 2835 718 paullo

549 756 896 842 crebrius,
934 755 1163 850 magis
1200 754 1592 827 conveniat
1622 751 1853 826 indoli
1888 752 2263 839 sermoni8‚
2300 775 2518 825 nemo
2555 761 2834 824 temere

551 886 885 980 quamvis
916 908 1140 981 sagax
1174 883 1648 980 responderit.
1734 884 1943 978 atqui
1993 883 2190 977 apud
2224 881 2699 954 Eustathium
2742 880 2833 952 Il.

549 1040 624 1111 p.
673 1015 867 1088 1158
904 1015 1088 1087 haec
1121 1013 1474 1111 leguntur
1510 1010 1895 1086 manifesto
1946 1022 2076 1084 aut
2111 1013 2406 1086 turbata
2445 1020 2576 1083 aut
2610 1010 2841 1083 muti-

549 1143 736 1218 lata:
827 1141 1041 1216 ἰστὲον
1108 1140 1184 1215 δὲ
1237 1144 1348 1215 καὶ
1412 1143 1514 1215 ὅτι
1564 1141 1635 1215 ἐν
1694 1145 1834 1223 τοῖς
1882 1137 2115 1213 Αἰλίου
2160 1137 2511 1213 Διονυσίου
2567 1144 2679 1212 καὶ
2744 1142 2842 1222 ὥς

541 1261 811 1344 Ἀττικὰ
849 1271 968 1366 μὲν
1005 1274 1083 1344 τὸ
1120 1269 1265 1344 εἶτα
1300 1274 1411 1343 καὶ
1445 1270 1716 1344 ἔπειτα·
1754 1274 1834 1343 τὸ
1868 1268 1943 1341 δὲ
1980 1268 2214 1352 εἶτεν,
2248 1271 2437 1368 φησὶ,
2470 1271 2581 1341 καὶ
2615 1267 2839 1342 ἔπει·

553 1427 692 1474 τεν
734 1400 921 1473 lancti·
963 1401 1089 1483 διό,
1130 1404 1323 1498 φησί,
1368 1401 1477 1472 καὶ
1510 1388 1676 1499 παρ’
1712 1393 2072 1499 Ἡροδότῳ
2108 1402 2371 1471 κεῖνται.
2465 1423 2605 1471 nec
2640 1398 2845 1470 enim

554 1529 793 1603 ullum
839 1554 1041 1602 nunc
1092 1529 1479 1623 utriusque
1529 1527 1832 1601 voculae
1883 1537 2089 1601 extat
2138 1530 2335 1623 apud
2376 1528 2845 1600 Herodotum

555 1659 1016 1754 exemplum,
1069 1658 1211 1730 nisi
1260 1660 1458 1753 quod
1493 1656 1751 1730 ἔπειτεν
1798 1661 1871 1731 Α
1915 1659 2059 1731 146
2105 1683 2150 1729 a
2197 1657 2452 1731 Reizio
2496 1656 2847 1752 probabi-

554 1788 725 1863 liter
758 1797 1162 1862 correctum
1197 1796 1309 1861 est
1342 1811 1475 1882 pro
1510 1785 1756 1860 ἐπείτε.
1815 1789 1943 1860 sed
1969 1787 2305 1883 Dionysii
2334 1786 2845 1860 testimonium

555 1920 662 1992 ita
710 1918 1167 2013 interpretati
1217 1925 1413 2005 sunt,
1473 1925 1561 1989 ut
1608 1914 1824 1988 illum
1883 1940 2034 1988 non
2092 1940 2243 1990 uno
2294 1914 2614 1990 alterove
2680 1916 2851 1989 loco

556 2047 818 2143 legisse
856 2049 983 2121 sed
1018 2046 1294 2142 ubique
1332 2043 1590 2118 ἔπειτεν
1628 2043 2054 2141 colligerent
2101 2071 2186 2118 ac
2231 2046 2564 2141 protinus
2609 2043 2852 2117 ἔπειτα

559 2178 887 2273 undique
941 2175 1320 2250 exturbari
1367 2175 1711 2249 iuberent
1730 2229 1748 2261 ‚
1807 2173 2153 2271 illiusque
2202 2199 2415 2271 porro
2467 2185 2854 2271 tamquam

559 2309 740 2382 certi
790 2308 950 2379 iam.
974 2314 1051 2380 et
1093 2304 1458 2401 explorati
1493 2304 1973 2379 similitudine
2019 2308 2407 2378 abutentes
2460 2302 2711 2378 εἵνεκεν
2766 2314 2858 2377 ut

561 2439 780 2511 unice
815 2436 1326 2509 Herodoteum
1360 2459 1510 2507 non
1547 2434 2054 2530 relinquerent
2100 2437 2316 2508 modo
2369 2459 2629 2507 verum
2680 2436 2856 2506 ubi-

567 2594 710 2664 que
747 2590 881 2662 pro
919 2561 1141 2639 εΐνεκα
1177 2566 1678 2639 immitterent.

769 2698 915 2769 Sed
958 2697 1340 2769 redeamus
1386 2697 1481 2768 ad
1515 2695 1941 2769 institutum
1978 2695 2327 2779 ordinem,
2379 2720 2529 2791 quo
2572 2695 2720 2768 iam
2760 2698 2858 2769 ad

567 2827 954 2901 varietates
992 2825 1422 2898 deducimur
1458 2849 1505 2898 v
1521 2851 1562 2898 e
1578 2826 1680 2897 rb
1696 2849 1945 2897 orum
1964 2880 1983 2912 ‚
2036 2851 2077 2898 e
2114 2827 2385 2920 quibus
2420 2825 2860 2921 praecipuas

565 2958 918 3052 quasdam
954 2979 1156 3028 nunc
1189 2953 1526 3027 delibabo
1563 2963 1693 3027 aut
1727 2955 2166 3027 dubitationi
2203 2956 2579 3028 obnoxiaS.
2650 2954 2856 3036 ζώειν

567 3112 651 3158 ac
677 3085 826 3184 ζῆν,
859 3109 901 3157 e
926 3084 1195 3179 quibus
1222 3084 1365 3157 hoc
1382 3084 1675 3157 brevius
1698 3093 2071 3179 tamquam
2089 3083 2392 3180 vulgare
2416 3110 2503 3157 ac
2518 3083 2863 3156 librario-

566 3240 736 3288 rum
771 3214 1095 3287 socordia
1141 3210 1485 3307 illapsum
1521 3214 1807 3307 pridem
1849 3214 1915 3286 C
1959 3215 2342 3287 correctori
2392 3214 2861 3287 stomachum

569 3343 798 3416 movit
831 3342 1364 3437 Bekkerusque
1409 3366 1646 3436 paene
1693 3343 2021 3437 undique
2072 3343 2396 3438 expulit,
2449 3368 2653 3415 nunc
2702 3368 2863 3415 non

571 3472 882 3546 dubium
917 3496 1073 3544 esse
1100 3480 1342 3566 potest
1373 3472 1555 3567 quin
1583 3471 1745 3566 pari
1770 3470 1933 3544 loco
1969 3472 2117 3544 sint
2151 3473 2516 3560 habenda,
2555 3474 2737 3546 adeo
2772 3483 2865 3545 ut

570 3601 757 3674 illud
782 3600 1282 3689 tmdevicien8‚
1303 3601 1446 3673 hoc
1473 3610 1735 3696 quater
1759 3611 1836 3675 et
1860 3602 2133 3674 viciens
2158 3601 2464 3707 legatur.
2490 3626 2865 3699 nusquam

574 3741 824 3804 autem
851 3730 952 3812 ζῶ
984 3730 1113 3829 ζῇς
1147 3730 1235 3830 ζῇ
1275 3727 1471 3813 ἔζων,
1512 3730 1739 3805 semel
1772 3731 1897 3832 ζῆν
1929 3732 1993 3803 E
2024 3734 2097 3819 6,
2129 3740 2383 3805 contra
2414 3733 2615 3814 ζώειν
2641 3732 2861 3804 A31.

575 3859 630 3933 Γ
660 3862 781 3934 22.
821 3860 903 3933 H
943 3861 1064 3933 46.
1155 3869 1233 3931 at
1267 3883 1440 3932 vero
1472 3859 1702 3932 πλέειν
1743 3862 2074 3956 quamvis
2110 3886 2283 3956 prae
2319 3861 2570 3934 πλώειν
2610 3872 2697 3933 ut
2731 3886 2869 3934 ex·-

576 3989 936 4085 quisitiori
973 3997 1474 4083 contemptum
1508 3990 1671 4084 ipsa
1701 3987 2117 4085 frequentia
2158 3991 2521 4086 impetum
2556 3989 2870 4086 propul-

573 4120 766 4192 savit
787 4116 1170 4214 multoque
1194 4143 1393 4192 nunc
1418 4118 1642 4191 etiam
1666 4120 1958 4214 saepius
1982 4145 2203 4214 quam
2229 4118 2541 4193 alterum
2562 4117 2864 4215 legitur,

576 4258 970 4343 postquam
999 4246 1363 4343 patefacta
1388 4257 1499 4322 est
1522 4248 1601 4320 R
1625 4249 2041 4322 correctoris
2072 4248 2390 4344 Aldique
2430 4249 2551 4324 vel
2585 4250 2869 4323 utrius-

581 4402 724 4472 que
761 4378 1151 4450 coniuncta
1184 4379 1263 4449 in
1299 4403 1387 4451 eo
1440 4379 1872 4473 extirpando
1922 4379 2282 4451 industria
2324 4403 2454 4473 per
2498 4388 2869 4452 extremos

579 4508 897 4579 maxime
933 4507 1154 4579 libros
1189 4518 1535 4604 grassata.
1626 4509 1877 4603 itaque
1914 4533 2005 4579 ex
2048 4508 2334 4603 ingenti
2381 4507 2867 4581 multitudine
