3059 5125
1177 299 1561 363 —1—
2383 303 2508 368 383

222 477 383 572 χίην
421 498 493 546 τε
531 470 881 565 ἱζομένους
931 472 1471 571 διαπρήσσεσθαι
1505 476 1862 554 ποιεῦντας
1896 473 2087 546 τάδε·
2163 474 2344 573 ἔχειν
2381 476 2510 577 γὰρ

221 593 471 691 χρυσὸν
509 591 765 665 πολλὸν
806 590 928 686 μὲν
969 591 1308 689 ἐπίσημον
1346 591 1600 664 πολλὸν
1639 589 1714 664 δὲ
1752 595 1863 664 καὶ
1901 591 2211 690 ἄσημον,
2254 593 2509 667 πολλὸν

224 708 298 782 δὲ
328 709 612 810 ἄργυρόν
669 735 742 781 τε
794 713 905 782 καὶ
945 709 1344 804 ἐκπώματα·
1411 715 1665 782 τούτων
1723 711 2163 808 φειδομένους
2214 711 2511 811 μηδενὸς

223 829 620 924 διαπέμπειν
675 829 750 911 ές
803 830 960 910 τοὺς
984 817 1363 928 σΕλληνας,
1392 824 1756 927 Ἑλλήνων
1801 829 1874 904 δὲ
1913 830 2207 925 μάλιστα
2243 831 2314 913 ές
2352 834 2509 913 τοὺς

155 969 186 1017 5
222 955 692 1047 προεστεῶτας
728 947 798 1020 ἐν
835 950 993 1047 τῇσι
1028 948 1290 1038 πόλισι,
1345 952 1454 1020 καὶ
1508 947 1776 1044 ταχέως
1824 950 2038 1045 σφέας
2075 952 2505 1049 παραδώσειν

221 1069 344 1166 τὴν.
383 1066 807 1165 ἐλευθερίην·
875 1067 1054 1165 μηδὲ
1094 1065 1620 1140 ἀνακινδυνεύειν
1660 1067 2192 1168 συμβάλλοντας.
2265 1071 2505 1140 τούτου

159 1269 168 1278 .
224 1183 343 1279 μὲν
381 1186 428 1284 ἡ
467 1184 640 1283 αὐτὴ
672 1185 925 1283 ἐγίνετο
951 1190 1061 1259 καὶ
1090 1183 1410 1286 Θηβαίων
1450 1189 1714 1286 γνώμη,
1755 1189 1851 1267 ὡς
1876 1188 2267 1286 προειδότος
2293 1186 2501 1260 πλεῦν

219 1330 281 1376 τι
316 1307 428 1376 καὶ
460 1306 733 1393 τούτου,
793 1300 1182 1403 Μαρδονίου
1233 1303 1310 1377 δὲ
1368 1303 1770 1404 ἰσχυροτέρη
1823 1330 1896 1378 τε
1949 1307 2059 1377 καὶ
2112 1302 2505 1403 ἀγνωμονε-

221 1423 428 1521 στέρη
467 1424 577 1494 καὶ
614 1423 935 1518 οὐδαμῶς
980 1421 1570 1521 συγγινωσκομένη
1598 1446 1612 1460 ·
1688 1422 1939 1497 δοκέειν
1992 1448 2066 1496 τε
2108 1423 2237 1521 γὰρ
2272 1423 2514 1520 πολλῷ

120 1560 184 1611 10
218 1542 541 1641 κρέσσονα
578 1540 750 1614 εἶναι
783 1545 905 1641 τὴν
943 1540 1277 1641 σφετέρην
1317 1543 1633 1640 στρατιὴν
1673 1528 2278 1641 τῆςῖΕλληνικῆς,
2330 1567 2502 1637 συμ-

221 1660 494 1760 βάλλειν
549 1686 620 1732 τε
667 1663 792 1759 τὴν
845 1665 1172 1758 ταχίστην
1228 1659 1407 1759 μηδὲ
1442 1663 1758 1759 περιορᾶν
1813 1660 2350 1757 συλλεγομένους
2401 1659 2503 1732 ἔτι

218 1779 506 1860 πλεῦνας
540 1787 671 1851 τῶν
711 1779 1303 1876 συλλελεγμένων,
1361 1777 1447 1850 τά
1493 1804 1567 1851 τε
1616 1779 1870 1876 σφάγια
1916 1776 1999 1850 τὰ
2026 1766 2501 1878 ιΗγησιστρά-

217 1922 336 1970 του
386 1897 501 1970 ἐᾶν
564 1902 821 1997 χαίρειν
882 1897 1063 1996 μηδὲ
1114 1896 1504 1998 βιάζεσθαι,
1560 1894 1735 1970 ἀλλὰ
1801 1899 1989 1993 νόμῳ
2035 1900 2138 1994 τῷ
2182 1895 2500 1995 Περσέων

216 2017 645 2115 χρεωμένους
695 2015 1126 2118 συμβάλλειν.
1214 2016 1454 2088 τούτου
1505 2014 1583 2087 δὲ
1635 2014 1811 2088 οὕτω
1870 2015 2273 2097 δικαιεῦντος
2308 2013 2501 2088 ἀντέ-
2533 2028 2616 2089 42

118 2154 181 2204 15
219 2136 373 2231 λεγε
410 2135 664 2225 οὐδείς,
713 2137 900 2208 ὥστε
951 2134 1219 2232 ἐκράτεε
1267 2135 1354 2232 τῇ
1406 2139 1692 2233 γνώμῃ·
1776 2138 1853 2235 τὸ
1906 2134 2033 2233 γὰρ
2081 2134 2324 2234 κράτος
2358 2133 2500 2231 εἶχε

215 2261 339 2354 τῆς
370 2263 689 2354 στρατιῆς
723 2253 919 2335 οὗτος
958 2254 1033 2326 ἐκ
1083 2252 1427 2354 βασιλέος,
1484 2243 1635 2325 ἀλλ’
1700 2251 1821 2324 οὐκ
1848 2241 2299 2353 Ἀρτάβαζος.
2377 2279 2498 2352 με-

215 2371 738 2469 ταπεμψάμενος
788 2372 882 2442 ὧν
933 2374 1089 2453 τοὺς
1123 2371 1526 2470 ταξιάρχους
1560 2380 1694 2441 τῶν
1731 2370 1983 2443 τελέων
2023 2374 2133 2443 καὶ
2168 2378 2302 2442 τῶν
2346 2359 2489 2466 μετ’

217 2490 475 2561 ἑωυτοῦ
510 2491 755 2563 ἐόντων
782 2484 1146 2588 Ἑλλήνων
1193 2491 1352 2570 τοὺς
1397 2490 1819 2589 στρατηγοὺς
1875 2489 2121 2589 εἰρώτα
2168 2490 2236 2560 εἴ
2281 2513 2344 2561 τι
2401 2489 2499 2561 εἰ-

216 2611 384 2681 δεῖεν
440 2609 661 2706 λόγιον
707 2612 859 2708 περὶ
898 2607 1217 2708 Περσέων
1273 2612 1370 2689 ὡς
1407 2608 1920 2706 διαφθερέονται
1957 2607 2026 2680 έν
2065 2611 2153 2708 τῇ
2183 2597 2494 2682 Ἑλλάδι.

109 2751 177 2801 20
214 2732 550 2824 σιγώντων
590 2725 665 2799 δὲ
703 2734 835 2799 τῶν
873 2726 1287 2824 ἐπικλήτων,
1325 2731 1476 2799 τῶν
1500 2724 1619 2821 μὲν
1653 2725 1775 2798 οὐκ
1811 2725 2085 2798 εἰδότων
2122 2729 2280 2809 τοὺς
2317 2753 2497 2825 χρη-

216 2847 466 2939 σμούς,
518 2851 653 2916 τῶν
714 2845 791 2917 δὲ
841 2846 1114 2919 εἰδότων
1178 2843 1294 2939 μὲν
1349 2844 1419 2918 ἐν
1478 2842 1671 2942 ἀδείῃ
1728 2844 1802 2917 δὲ
1853 2843 1935 2916 οὐ
1970 2845 2383 2938 ποιευμένων
2420 2848 2497 2917 τὸ

212 2963 464 3062 λέγειν,
525 2964 723 3045 αὐτὸς
779 2959 1160 3062 Μαρδόνιος
1208 2961 1402 3061 ἔλεγε
1464 2950 1665 3035 ιιἐπεὶ
1711 2966 1927 3033 τοίνυν
1989 2961 2180 3056 ὑμεῖς
2236 2963 2282 3061 ἢ
2356 2962 2497 3036 ἴστε

214 3081 408 3154 οὐδὲν
464 3082 509 3179 ἢ
567 3081 647 3153 οὐ
695 3082 990 3175 τολμᾶτε
1049 3080 1302 3178 λέγειν,
1358 3073 1507 3152 ἀλλ’
1569 3080 1706 3177 ἐγὼ
1757 3079 1932 3179 ἐρέω
1974 3082 2070 3160 ὡς
2106 3082 2180 3152 εῦ
2218 3080 2494 3153 ἐπιστά-

216 3226 431 3295 μενος.
538 3199 682 3271 ἔστι
731 3200 954 3297 λόγιον
1011 3202 1106 3280 ὡς
1151 3201 1352 3298 χρεόν
1410 3199 1553 3271 ἐστι
1606 3197 1874 3297 Πέρσας
1927 3196 2374 3293 ἀπικομένους
2425 3198 2495 3280 ἐς

108 3345 175 3395 25
211 3322 336 3419 τὴν
365 3307 680 3391 Ἑλλάδα
717 3318 1079 3416 διαρπάσαι
1114 3321 1189 3389 τὸ
1229 3320 1365 3416 ἱρὸν
1405 3321 1481 3389 τὸ
1519 3317 1590 3389 ἐν
1628 3314 1987 3414 Δελφοῖσι,
2045 3314 2211 3410 μετὰ
2259 3315 2334 3390 δὲ
2369 3320 2492 3415 τὴν

212 3440 585 3537 διαρπαγὴν
640 3435 1014 3511 ἀπολέσθαι
1059 3437 1339 3518 πάντας.
1413 3437 1614 3535 ἡμεῖς
1646 3439 1863 3507 τοίνυν
1904 3433 2068 3506 αὐτὸ
2107 3441 2304 3507 τοῦτο
2342 3434 2490 3507 ἐπι-

420 3728 498 3779 16.
543 3724 1001 3796 μεταπεμψάμενος
1027 3753 1057 3766 -
1085 3724 1146 3775 17
1171 3721 1360 3775 τελέων
1388 3722 1628 3776 Thomas
1652 3721 1733 3776 M.
1760 3739 1814 3792 p.
1847 3722 1945 3774 363

316 3881 361 3932 1.
406 3879 775 3951 διαπρήσεσθαι
804 3880 852 3933 Ο
909 3882 932 3945 ΙΙ
1003 3880 1051 3931 3.
1106 3876 1180 3944 δὲ]
1214 3877 1270 3930 δὲ
1303 3877 1391 3931 καὶ
1433 3876 1582 3932 0sz
1639 3879 1661 3942 ΙΙ
1717 3877 1938 3930 τουτέων
1963 3893 2019 3940 z,
2067 3875 2261 3930 τούτων
2290 3874 2429 3929 &R
2473 3876 2493 3945 ΙΙ

209 3951 258 4000 7.
301 3948 394 4019 μέν
418 3967 505 4001 νυν
531 3948 567 4017 ἠ
594 3948 723 4019 αὐτὴ
751 3947 949 4035 ἐγένετο
972 3964 999 3998 z
1058 3949 1081 4012 ΙΙ
1129 3948 1185 3998 8.
1230 3947 1246 3998 ί
1301 3945 1463 4018 ,υροτέ
1537 3947 1650 4011 ιΒ,
1689 3944 2006 4017 ἰσχυρωτέρη
2034 3946 2063 3998 b
2111 3946 2133 4010 ΙΙ
2184 3962 2239 3997 τε
2263 3943 2351 3997 καὶ
2378 3961 2486 3998 om.

211 4018 281 4081 C',
324 4034 378 4070 τε
415 4034 521 4071 om.
553 4018 612 4070 R
682 4019 704 4082 ΙΙ
775 4015 1212 4087 αγνωμονεστέρηι
1237 3963 1318 4079 3,
1365 4031 1471 4067 om.
1624 4016 1647 4080 ΙΙ
1717 4016 1765 4066 9.
1809 4012 2284 4084 συγγιγνωσκομένη
2309 4014 2419 4066 ΑΒ

213 4089 292 4138 10.
342 4105 376 4138 κ
407 4087 613 4144 ἐσσονας
647 4092 782 4155 Apr.
822 4085 960 4153 Bpr.
983 4125 995 4147 ,
1057 4085 1271 4154 κρέσσον
1314 4084 1363 4138 0
1435 4086 1457 4149 ΙΙ
1544 4081 1787 4188 σφετέραν
1830 4083 1860 4135 ὐ
1943 4084 1965 4147 ΙΙ
2048 4081 2320 4203 στρατηῖην
2358 4082 2418 4135 R

211 4156 292 4207 12.
333 4173 369 4207 π
404 4157 567 4219 εὔνοις]
595 4153 813 4214 πλεῦνας
836 4153 1064 4223 γίνεσθαι
1085 4171 1112 4205 z
1160 4154 1179 4222 fl
1230 4151 1613 4222 συλλεγομένων
1635 4157 1687 4205 Α
1711 4152 1787 4205 Pz
1834 4153 1856 4216 ΙΙ
1920 4152 2000 4203 14.
2039 4168 2207 4222 χρεομ
2234 4168 2353 4209 νους
2380 4150 2436 4203 Ρ

211 4225 291 4276 16.
335 4224 395 4277 ἐκ
419 4221 665 4293 βασιλέως
697 4221 755 4286 0,
785 4223 846 4277 ἐκ
871 4222 1117 4293 βασιλῆος
1141 4241 1186 4285 z,
1215 4239 1323 4277 om.
1354 4221 1408 4273 R
1454 4225 1478 4288 ΙΙ
1531 4223 1612 4273 17.
1654 4218 1742 4273 οὖν
1769 4218 1965 4273 Thom.
2020 4221 2042 4287 ΙΙ
2095 4220 2173 4270 18.
2215 4218 2374 4272 ὄντων
2401 4220 2430 4272 b

204 4292 240 4361 ἠ
319 4312 383 4345 τα
421 4291 541 4344 CPz
599 4293 621 4357 ΙΙ
681 4291 917 4346 εἰδοῖενι
977 4294 999 4357 ΙΙ
1063 4293 1145 4342 19.
1185 4290 1268 4344 δια
1310 4289 1575 4361 θερέονται
1612 4289 1688 4343 Pe
1729 4288 1812 4341 δια
1853 4287 2231 4359 θορεῦνταιΙί,
2276 4285 2492 4358 διαφθε-

207 4379 232 4431 ρ
265 4379 412 4421 οντας
437 4378 513 4430 qz,
545 4358 937 4431 διαφθαρέονται
963 4359 1062 4413 reli
1106 4359 1159 4413 ui
1206 4362 1230 4425 η
1271 4309 1361 4412 31.
1404 4357 1644 4411 ἀδείαιΡ
1700 4360 1756 4438 ΙΙ.
1783 4306 1870 4438 ἦ..
1912 4355 2060 4414 αὐτός
2083 4374 2138 4408 τε
2161 4355 2219 4408 R
2277 4358 2299 4422 11
2337 4356 2373 4426 ἡ
2442 4360 2491 4415 ῖς

211 4431 260 4485 0
297 4432 319 4495 ΙΙ
367 4432 449 4484 24.
491 4429 642 4501 χρεόν
670 4429 773 4482 ἐστι
796 4430 941 4483 ΑΒι
978 4447 1071 4502 χρε
1103 4448 1130 4480 ν
1153 4432 1204 4481 τί·
1229 4429 1301 4492 R,
1332 4430 1501 4501 χρεών
1529 4427 1635 4480 ἐστι
1657 4427 1860 4496 rehqm
1908 4429 1930 4491 ΙΙ
1979 4425 2065 4477 26.
2104 4424 2340 4497 ἁρπαγὴν
