3059 5125
1115 326 1511 392 -Θ-
2317 327 2440 391 297

161 491 614 584 ’Λπόλλωνος
653 503 1009 592 πλούσιον,
1073 504 1479 603 θησαυροῖσί
1525 529 1599 575 τε
1655 505 1763 575 καὶ
1824 498 2213 598 ἀναθήμασι
2271 499 2450 572 πολ-1

170 620 342 695 λοῖσι
383 624 1031 717 κατεσκευασμένον·
1125 625 1210 721 ἦν
1264 620 1339 695 δὲ
1381 624 1488 695 καὶ
1520 625 1670 696 τότε
1706 624 1814 694 καὶ
1849 627 1964 693 νῦν
2003 621 2100 694 ἔτι
2131 624 2445 720 χρηστή-

172 766 307 838 ριον
345 739 626 813 αὐτόθι·
699 744 808 814 καὶ
859 747 1054 814 τοῦτο
1112 745 1186 814 τὸ
1235 743 1372 841 ἱρὸν
1416 741 1831 841 συλήσαντες
1866 740 2262 840 ἐνέπρησαν.
2340 744 2447 812 καί

168 885 355 941 τινας
422 862 775 942 διώκοντες
843 859 1019 933 εἷλον
1076 868 1211 933 τῶν
1270 859 1565 935 Φωκέων
1622 863 1790 961 πρὸς
1834 864 2006 933 τοῖσι
2062 859 2280 958 ὄρεσι,
2337 862 2447 933 καὶ

110 1000 137 1047 5
168 980 489 1075 γυναῖκάς
522 1005 704 1062 τινας
743 979 1124 1080 διέφθειραν
1164 984 1554 1079 μισγόμενοι
1587 980 1713 1052 ὑπὸ
1749 978 2070 1079 πλήθεος.

320 1096 896 1197 Παραποταμίους
948 1099 1023 1171 δὲ
1057 1100 1627 1201 παραμειβόμενοι
1670 1102 1732 1173 οἱ
1770 1099 2096 1201 βάρβαροι
2133 1096 2445 1172 ἀπίκοντο
2477 1107 2558 1169 34

169 1217 238 1297 ἐς
272 1215 663 1297 Πανοπέας.
753 1216 1059 1291 ἐνθεῦτεν
1113 1216 1187 1291 δὲ
1233 1220 1370 1318 ἤδη
1413 1219 1881 1319 διακρινομένη
1917 1221 1964 1317 ἡ
2002 1221 2277 1318 στρατιὴ
2318 1217 2442 1290 αὐ-

168 1344 299 1408 τῶν
336 1335 667 1432 ἐσχίζετο.
742 1340 817 1409 τὸ
855 1337 976 1430 μὲν
1013 1337 1327 1411 πλεῖστον
1359 1341 1469 1411 καὶ
1506 1339 1961 1411 δυνατώτατον
1996 1343 2116 1410 τοῦ
2154 1342 2443 1435 στρατοῦ

169 1454 306 1550 ἅμα
342 1454 540 1550 αὐτῷ
565 1452 784 1555 Ξέρξῃ
822 1460 1273 1556 πορευόμενον
1315 1451 1425 1530 ἐπ’
1462 1445 1760 1557 Ἀθήνας
1796 1457 2079 1559 ἐσέβαλε
2115 1457 2187 1537 ἐς
2212 1454 2443 1529 Βοιω-

84 1593 139 1642 ιο
169 1576 358 1662 τούς,
421 1573 494 1654 ἐς
539 1581 666 1672 γῆν
703 1577 826 1672 τὴν
857 1563 1341 1675 Ὀρχομενίων.
1418 1574 1745 1649 Βοιωτῶν
1787 1576 1863 1648 δὲ
1898 1580 2032 1649 πᾶν
2066 1581 2142 1649 τὸ
2176 1576 2444 1676 πλῆθος

171 1693 478 1792 ἐμήδιζε,
516 1691 633 1773 τὰς
670 1691 746 1765 δὲ
779 1694 975 1775 πόλις
1011 1694 1229 1768 αὐτῶν
1259 1695 1493 1795 ἄνδρες
1522 1693 1909 1777 Μακεδόνες
1944 1697 2445 1793 διατεταγμένοι

171 1813 462 1902 ἔσωζον,
516 1812 646 1885 ὑπὸ
672 1800 1125 1913 Ἀλεξάνδρου
1175 1813 1774 1912 ἀποπεμφθέντες·
1850 1815 2106 1897 ἔσωζον
2145 1814 2221 1886 δὲ
2255 1815 2442 1914 τῇδε,

170 1933 381 2031 δῆλον
422 1930 818 2031 βουλόμενοι
852 1932 1102 2005 ποιέειν
1140 1932 1359 2033 Ξέρξῃ
1404 1936 1503 2006 ὅτι
1539 1934 1621 2006 τὰ
1650 1931 1911 2033 Μήδων
1944 1932 2237 2006 Βοιωτοὶ
2274 1959 2443 2032 φρο-

170 2052 405 2124 νέοιεν.
475 2049 657 2123 οὗτοι
697 2050 819 2145 μὲν
857 2052 941 2150 δὴ
978 2059 1113 2123 τῶν
1155 2052 1514 2153 βαρβάρων
1555 2056 1764 2151 ταύτῃ
1807 2054 2209 2152 ἐτράποντο,
2249 2051 2444 2125 ἄλλοι
2475 2060 2557 2123 35

82 2193 138 2242 15
171 2169 244 2243 δὲ
278 2168 503 2243 αὐτῶν
556 2171 898 2268 ἡγεμόνας
943 2168 1212 2268 ἔχοντες
1268 2172 1559 2271 ὁρμέατο
1605 2173 1715 2245 ἐπὶ
1763 2175 1839 2244 τὸ
1879 2174 2014 2272 ἱρὸν
2048 2171 2191 2243 ‘cb'
2163 2199 2232 2245 εν
2269 2171 2441 2245 Δελ-

170 2292 388 2386 φοῖσι,
438 2288 509 2361 ἐν
546 2289 733 2387 δεξιῇ
770 2292 882 2359 τὸν
924 2286 1282 2388 Παρνησὸν
1320 2288 1748 2391 ἀπέργοντες.
1822 2294 1949 2365 ὅσα
1995 2290 2070 2363 δὲ
2112 2294 2222 2364 καὶ
2260 2290 2442 2363 οὗτοι

170 2408 458 2505 ἐπέσχον
508 2415 635 2508 τῆς
684 2404 1029 2497 Φωκίδος,
1087 2408 1304 2482 πάντα
1375 2410 1867 2507 ἐσιναμώρεον
1965 2415 2073 2482 καὶ
2126 2411 2253 2510 γὰρ
2305 2417 2438 2481 τῶν

172 2526 543 2601 Πανοπέων
591 2529 713 2625 τὴν
749 2526 940 2600 πόλιν
991 2527 1369 2628 ἐνέπρησαν
1411 2531 1519 2601 καὶ
1556 2528 1862 2601 Δαυλίων
1900 2533 2010 2604 καὶ
2047 2527 2437 2604 Αἰολιδέων.

172 2648 566 2745 ἐπορεύοντο
631 2645 706 2718 δὲ
763 2649 975 2745 ταύτῃ
1041 2644 1569 2744 ἀποσχισθέντες
1640 2656 1764 2749 τῆς
1839 2649 2060 2749 ἄλλης
2126 2659 2444 2750 στρατιῆς

83 2785 141 2836 2⁰
172 2766 380 2837 τῶνδε
415 2762 670 2854 εἵνεκα,
725 2766 904 2847 ὅκως
961 2765 1372 2863 συλήσαντες
1421 2771 1498 2839 τὸ
1550 2769 1686 2866 ἱρὸν
1732 2772 1807 2840 τὸ
1844 2768 1914 2841 ἐν
1954 2768 2274 2865 Δελφοῖσι
2313 2770 2439 2871 βα-

173 2884 344 2958 σιλέι
376 2883 596 2985 Ξέρξῃ
636 2882 1029 2965 ἀποδέξαιεν
1085 2884 1167 2956 τὰ
1201 2889 1544 2986 χρήματα.
1630 2887 1846 2959 πάντα
1884 2883 1947 2958 δ’
1991 2890 2323 2986 ἠπίστατο
2358 2886 2442 2959 τὰ

174 3003 240 3075 ἐν
286 3005 387 3098 τῷ
427 3006 552 3102 ἱρῷ
598 3003 726 3076 ὅσα
778 3003 979 3100 λόγου
1031 3006 1115 3103 ἧν
1162 3004 1312 3084 ἀξια
1348 3002 1637 3104 Ξέρξης,
1691 3010 1786 3086 ὡς
1820 3005 1956 3101 ἐγὼ
1993 2985 2436 3101 πυνθάνομαι,

175 3121 438 3215 ἄμεινον
488 3123 535 3221 ἢ
593 3120 676 3193 τὰ
711 3121 780 3195 ἐν
816 3124 989 3196 τοῖσι
1026 3124 1288 3197 οἰκίοισι
1329 3122 1555 3212 ἔλιπε,
1607 3124 1878 3196 πολλῶν
1915 3125 2042 3197 αἰεὶ
2079 3126 2437 3222 λεγόντων,

174 3242 277 3312 καὶ
314 3242 600 3334 μάλιστα
634 3241 719 3314 τὰ
756 3238 1052 3341 Κροίσου
1088 3248 1206 3313 τοῦ
1234 3232 1625 3314 Ἀλυάττεω
1663 3240 2098 3340 ἀναθήματα.
2167 3246 2230 3317 οἰ
2265 3243 2436 3316 Δελ-
2471 3255 2553 3317 36

88 3377 144 3427 25
178 3362 289 3454 φοὶ
325 3357 397 3430 δὲ
430 3359 920 3453 πυνθανόμενοι
956 3366 1166 3433 ταῦτα
1204 3361 1275 3441 ἐς
1308 3365 1528 3434 πᾶσαν
1582 3359 1923 3461 ἀρρωδίην
1985 3360 2303 3453 ἀπίκατο,
2364 3366 2433 3438 ἐν

178 3475 428 3569 δείματι
463 3476 539 3550 δὲ
592 3479 865 3576 μεγάλῳ
919 3487 1364 3561 κατεστεῶτες
1411 3480 1849 3575 ἐμαντεύοντο
1898 3486 2050 3581 περὶ
2100 3491 2233 3553 τῶν
2276 3485 2435 3582 ἱρῶν

374 3750 451 3801 17.
502 3749 825 3819 (Hesychius
850 3767 898 3804 v.
940 3750 1328 3819 ἐσιναμώρευον)

275 3883 429 3952 2δὲ]
460 3886 518 3939 δέ
552 3905 599 3939 τι
632 3905 659 3939 z
730 3889 752 3953 ΙΙ
823 3887 928 3940 ἔστι
954 3888 1036 3949 R,
1077 3886 1181 3938 ἐστι
1213 3903 1239 3937 z
1309 3888 1332 3952 ΙΙ
1405 3889 1454 3942 3.
1496 3887 1751 3975 συλλήσαν
1725 3908 1835 3948 ντες
1861 3890 1943 3943 Rz
2010 3892 2032 3954 11
2104 3893 2155 3942 4.
2194 3899 2295 3942 τῶν
2324 3910 2431 3945 om.

176 3950 367 4007 ABGb
410 3956 432 4018 ΙΙ
454 3953 647 4043 ὀὔρεσι
679 3954 830 4010 0sz
875 3957 898 4022 11
947 3958 995 4006 5.
1037 3954 1320 4026 διέφθειρον
1349 3957 1405 4008 R
1462 3959 1483 4021 11
1545 3959 1591 4008 7.
1633 3957 1876 4011 αὐτέωντ
1934 3960 1955 4023 11
2015 3960 2062 4010 9.
2106 3957 2208 4023 ἐπ’]
2239 3958 2375 4018 ἐςῙί

182 4020 382 4141 &Ispa
415 4031 516 4075 τῶν
553 4023 688 4087 PR,
738 4025 833 4093 τὴν
856 4032 1010 4077 τῶνε
1081 4026 1102 4087 ΙΙ
1177 4026 1255 4075 11.
1298 4023 1604 4093 ἐμήδιζονδ
1675 4029 1697 4091 11
1768 4026 1944 4086 πόλιας
1972 4029 2056 4083 R.
2110 4026 2279 4086 πόλεις
2319 4028 2349 4080 b

326 4090 412 4159 ¹1!ss
426 4096 474 4145 A
545 4094 567 4158 ΙΙ
644 4092 766 4166 τῇδε
803 4110 908 4145 om.
939 4090 996 4143 R
1063 4096 1085 4158 11
1161 4094 1239 4144 13.
1282 4044 1584 4162 βουλόμενοι
1619 4093 1775 4164 δῆλον
1812 4112 1839 4146 z
1908 4098 1930 4162 ΙΙ
2004 4097 2084 4147 15.
2126 4094 2371 4149 mutim-oz

178 4179 405 4259 ἠτεμόνὲς
430 4198 481 4247 4
540 4196 562 4259 11
617 4194 853 4263 ὠρμέατο
880 4194 977 4250 ΟΡ
1027 4199 1049 4261 11
1113 4196 1193 4247 16.
1234 4197 1487 4265 παρνησὸν
1512 4195 1688 4249 ABb.
1725 4214 1826 4266 παρ
1826 4198 2008 4268 νησσὸν
2056 4200 2077 4262 11
2140 4200 2219 4249 17.
2263 4199 2433 4252 ἐσινα-

313 4261 547 4317 υονΗεε
615 4264 636 4327 11
700 4264 780 4315 18.
823 4262 1061 4317 αἰολίδων
1089 4263 1165 4315 Pz
1221 4266 1244 4328 11
1320 4265 1397 4316 19.
1436 4264 1528 4316 ταό
1531 4214 1890 4333 τηνΑΒίὌνη
1872 4268 1915 4400 nn
1974 4268 2057 4318 20.
2099 4264 2170 4318 εἴν
2144 4284 2285 4319 νεκεν
2312 4269 2371 4320 R

182 4341 260 4445 ἐξ
299 4328 499 4449 ἓοαντες
521 4349 577 4383 ⁸2
647 4333 669 4394 ΙΙ
739 4331 938 4400 βασιλεῖ
965 4334 1079 4386 ΑΒ
1148 4335 1170 4397 ΙΙ
1242 4334 1323 4384 21.
1367 4331 1422 4384 δὲ
1457 4283 1720 4385 ἐπιστέατο
1746 4334 1804 4387 R
2089 4334 2152 4387 τὰ
2176 4352 2282 4388 om.
2314 4335 2368 4386 R
2414 4268 2436 4473 η

502 4421 551 4461 ω,
570 4399 678 4453 PR
745 4403 768 4466 11
836 4400 886 4454 οἱ
912 4400 969 4453 δὲ
991 4400 1167 4471 δελφοὶ
1194 4402 1249 4453 R
1319 4404 1341 4467 11
1412 4402 1492 4451 25.
1535 4399 1809 4473 ἀρρωιδίην
1835 4402 1889 4455 P
1941 4335 1996 4467 112
2001 4336 2264 4456 3ἀπικέατὉ
2290 4404 2366 4457 1³2

183 4463 261 4513 26.
298 4464 481 4536 δείματί
500 4486 555 4521 τε
580 4468 639 4521 R
