3059 5125
1039 349 1456 411 —H—
2264 351 2391 411 259

149 524 317 620 πάσῃ
368 522 778 620 παρήγγειλε
801 580 818 610 ,
874 530 1006 591 τῶν
1046 548 1118 595 τε
1147 513 1580 614 Ἀθάμαντος
1636 518 1990 616 ἀπογόνων
2028 523 2152 616 τὴν
2190 523 2403 619 οἰκίην

152 643 377 735 ὁμοίως
412 643 521 711 καὶ
557 642 633 710 τὸ
668 641 945 734 τέμενος
981 642 1275 742 ἐσέβετο.
1537 717 1544 723 ,
2009 701 2028 718 .

282 757 501 831 Ταῦτα
558 758 677 853 μὲν
724 760 808 832 τὰ
865 761 935 832 ἐν
987 758 1323 858 Θεσσαλίῃ
1378 764 1484 831 καὶ
1535 757 1618 830 τὰ
1654 760 1722 830 έν
1757 753 2082 857 Ἀχαιίῃ·
2158 756 2292 830 ἀπὸ
2330 757 2544 829 δὲ198

150 883 379 950 τούτων
412 887 548 949 τῶν
588 885 834 979 χώρων
882 882 992 977 ἤιε
1048 881 1119 962 ές
1158 883 1281 977 τὴν
1323 875 1604 976 Μηλίδα
1639 877 1824 976 παρὰ
1862 877 2108 948 κόλπον
2143 878 2408 950 θαλάσ-

98 1020 121 1066 5
152 1026 284 1097 σης,
318 999 386 1069 ἐν
425 1000 525 1093 τῷ
563 996 871 1092 ἄμπωτίς
907 1026 982 1071 τε
1017 1002 1128 1071 καὶ
1165 1002 1375 1098 ῥηχίη
1415 995 1541 1068 ἀνὰ
1577 1002 1800 1069 πᾶσαν
1829 998 2096 1095 ἡμέρην
2137 1002 2401 1094 γίνεται.

148 1121 280 1217 περὶ
312 1116 383 1188 δὲ
417 1119 531 1187 τὸν
573 1117 819 1189 κόλπον
857 1123 1089 1189 τοῦτον
1130 1119 1269 1190 έστὶ
1303 1124 1530 1216 χῶρος
1566 1117 1878 1204 πεδινός,
1923 1117 2010 1214 τῇ
2052 1116 2173 1209 μὲν
2213 1116 2409 1215 εὐρὺς

148 1241 221 1335 τῇ
267 1236 336 1307 δὲ
390 1240 501 1307 καὶ
553 1238 761 1336 κάρτα
813 1240 1100 1318 στεινός·
1188 1239 1341 1335 περὶ
1393 1234 1466 1307 δὲ
1516 1240 1628 1306 τὸν
1684 1242 1909 1334 χῶρον
1967 1234 2127 1333 ὄρεα
2177 1233 2409 1332 ὑψηλὰ

148 1358 240 1425 καὶ
293 1354 509 1455 ἄβατα
570 1355 946 1454 περικληίει
1006 1361 1227 1431 πᾶσαν
1297 1361 1422 1454 τὴν
1481 1350 1763 1452 Μηλίδα
1825 1361 1993 1453 γῆν,
2057 1351 2409 1452 Τρηχίνιαι

144 1475 359 1571 πέτραι
395 1474 817 1567 καλεόμεναι.
892 1481 1130 1574 πρώτη
1188 1475 1308 1569 μέν
1359 1500 1471 1544 νυν
1507 1472 1704 1552 πόλις
1750 1473 1889 1544 ἐστὶ
1927 1473 1997 1544 έν
2035 1473 2135 1568 τῷ
2179 1472 2410 1567 κόλπῳ

93 1617 119 1660 o
151 1594 289 1663 ἰόντι
335 1590 469 1664 ἀπὸ
510 1584 837 1691 Ἀχαιίης
878 1582 1278 1693 Ἀντικύρη,
1326 1583 1488 1691 παρ’
1554 1593 1639 1690 ἢν
1677 1590 2048 1689 Σπερχειὸς
2103 1594 2411 1685 ποταμὸς

148 1711 302 1807 ῥέων
338 1711 409 1789 ἐξ
435 1699 781 1809 Ἐνιήνων
831 1712 901 1791 ές
928 1712 1293 1784 ,θάλασσαν
1339 1711 1610 1784 ἐκδιδοῖ.
1703 1709 1836 1782 ἀπὸ
1887 1708 1961 1779 δὲ
2013 1713 2250 1781 τούτου
2302 1710 2412 1782 διὰ

146 1830 331 1901 εἴκοσί
384 1857 504 1902 κου
556 1831 847 1903 σταδίων
887 1831 1092 1912 ἄλλος
1135 1834 1443 1924 ποταμὸς
1478 1832 1578 1925 τῷ
1615 1828 1868 1922 οὔνομα
1907 1829 2128 1900 κέεται
2165 1828 2407 1929 Δύρας,

144 1952 242 2020 τὸν
278 1949 662 2048 βοηθέοντα
694 1952 793 2047 τῷ
821 1946 1148 2049 εΗρακλέι
1187 1950 1525 2045 καιομένῳ
1562 1948 1762 2044 λόγος
1792 1948 1931 2020 ἐστὶ
1960 1947 2404 2047 ἀναφανῆναι.

143 2066 261 2138 ἀπὸ
296 2069 368 2140 δὲ
416 2071 657 2139 τούτου
703 2058 791 2139 δι’
853 2068 1077 2140 ἄλλων
1114 2072 1324 2142 εἴκοσι
1361 2070 1650 2141 σταδίων
1692 2066 1898 2148 ἄλλος
1933 2071 2238 2161 ποταμός
2271 2068 2410 2140 ἐστι

91 2213 115 2260 5
144 2187 208 2266 ὃς
241 2187 547 2260 καλέεται
587 2183 847 2267 Μέλας.
925 2184 1183 2286 Τρηχὶς
1222 2187 1294 2259 δὲ
1330 2188 1527 2268 πόλις
1566 2185 1699 2258 ἀπὸ
1735 2192 1857 2257 τοῦ
1896 2182 2212 2268 Μέλανος
2246 2189 2546 2260 τού-199

143 2331 246 2375 του
274 2314 586 2400 ποταμοῦ
632 2306 832 2377 πέντε
888 2306 1122 2378 στάδια
1179 2305 1438 2403 ἀπέχει.
1514 2309 1728 2403 ταύτῃ
1784 2305 1857 2376 δὲ
1906 2310 2011 2376 καὶ
2050 2306 2408 2406 εύρύτατόν

142 2423 265 2495 ἐστι
316 2427 549 2525 πάσης
594 2434 718 2525 τῆς
762 2430 999 2522 χώρης
1054 2429 1308 2523 ταύτης
1359 2427 1431 2498 ἐκ
1479 2434 1616 2496 τῶν
1670 2425 1881 2524 ὀρέων
1922 2424 1992 2506 ἐς
2028 2425 2406 2515 θάλασσαν,

144 2533 268 2615 κατ’
327 2544 369 2618 ἃ
418 2543 679 2645 Τρηχὶς
731 2544 1165 2618 πεπόλισται·
1257 2544 1554 2642 δισχίλιά
1611 2571 1681 2616 τε
1747 2543 1872 2644 γὰρ
1932 2547 2043 2616 καὶ
2096 2545 2408 2646 δισμύρια

140 2663 387 2763 πλέθρα
424 2671 547 2737 τοῦ
582 2664 816 2735 πεδίου
864 2665 1023 2737 ἐστί.
1110 2671 1227 2735 τοῦ
1265 2666 1339 2736 δὲ
1378 2664 1569 2763 ὄρεος
1605 2668 1680 2735 τὸ
1714 2664 2085 2763 περικληίει
2120 2669 2244 2763 τὴν
2281 2675 2406 2766 γῆν

88 2810 113 2851 υ
144 2784 252 2878 τὴν
289 2782 659 2883 Τρηχινίην
709 2784 848 2856 ἐστὶ
906 2782 1189 2880 διασφὰξ
1232 2786 1400 2883 πρὸς
1438 2783 1865 2884 μεσαμβρίην
1901 2780 2259 2882 Τρηχῖνος,
2300 2785 2408 2856 διὰ

144 2899 209 2970 δὲ
238 2910 357 3001 τῆς
396 2904 773 3000 διασφάγος
802 2893 1124 2983 Ἀσωπὸς
1161 2907 1463 2996 ποταμὸς
1500 2903 1638 3001 ῥέει
1685 2900 1868 3001 παρὰ
1918 2904 2042 2998 τὴν
2084 2902 2403 3002 ὑπωρέην

142 3026 247 3091 τοῦ
276 3023 489 3121 ὄρεος.
583 3021 725 3093 ἔστι
776 3020 851 3090 δὲ
903 3020 1111 3101 ἄλλος
1167 3019 1392 3101 Φοῖνιξ
1444 3026 1753 3115 ποταμὸς
1822 3020 1902 3091 οὐ
1967 3022 2175 3117 μέγας
2236 3024 2542 3120 πρὸς2()0

142 3140 554 3241 μεσαμβρίην
594 3147 713 3212 τοῦ
740 3134 1103 3227 Ἀσωποῦ,
1165 3142 1237 3221 ὃς
1286 3141 1359 3211 ἐκ
1408 3149 1542 3212 τῶν
1580 3140 1791 3238 ὀρέων
1826 3142 2080 3211 τούτων
2123 3141 2292 3237 ῥέων
2333 3141 2404 3221 ές

141 3261 241 3327 τὸν
270 3248 595 3332 Ἀσωπὸν
633 3259 899 3331 ἐκδιδοῖ.
977 3258 1143 3329 κατὰ
1198 3260 1273 3331 δὲ
1321 3263 1434 3330 τὸν
1473 3257 1750 3330 Φοίνικα
1799 3261 2101 3352 ποταμὸν
2148 3261 2401 3330 στεινό-

335 3482 417 3532 15.
470 3478 795 3532 Eustathius
833 3478 999 3532 Dion.
1037 3481 1157 3529 414.
1210 3507 1277 3516 —-
1330 3480 1391 3529 19
1416 3496 1498 3549 sq.
1541 3479 1780 3547 Etymol.
1819 3478 1898 3531 M.
1982 3519 1993 3529 .
2040 3481 2166 3543 270,
2212 3480 2296 3530 27.
2339 3507 2402 3516 —-

232 3549 295 3599 20
320 3566 440 3619 sqq.
498 3547 694 3602 Strabo
746 3565 798 3618 p.
840 3549 957 3600 428.
1022 3577 1091 3587 -——
1149 3550 1232 3599 20.
1286 3547 1367 3599 διὰ
1415 3578 1444 3587 -
1492 3549 1550 3598 21
1600 3547 1702 3616 ῥέει
1753 3547 1953 3616 Etymo
1980 3587 1992 3600 .
2044 3548 2123 3600 M.
2175 3547 2396 3601 ibidem.

230 3617 505 3671 Antonius
532 3617 686 3671 Mon.
718 3634 772 3687 p.
805 3619 922 3668 514.
970 3616 1208 3669 Lexicon
1236 3615 1471 3669 Vindob.
1502 3634 1559 3687 p.
1591 3620 1654 3668 50

235 3738 278 3787 1.
320 3737 516 3804 ὁμοίως
539 3738 633 3807 τὴν
658 3735 824 3806 οίκίην
850 3736 905 3788 R
952 3740 973 3802 ΙΙ
1023 3740 1070 3788 3.
1112 3737 1286 3789 καὶτὰ
1310 3736 1381 3803 ἐν]
1412 3737 1498 3789 καὶ
1523 3736 1578 3787 R
1624 3740 1646 3803 ΙΙ
1694 3740 1742 3788 4.
1775 3738 1994 3789 τουτέων
2020 3755 2046 3789 z
2090 3740 2113 3803 fl
2168 3739 2214 3787 5.
2247 3736 2401 3807 ῥαχίη

142 3803 189 3855 R
241 3808 264 3870 Ι
318 3808 369 3858 6.
413 3805 599 3859 ἔστιΙί
659 3808 681 3872 ΙΙ
738 3805 980 3863 πεδιεινὸς
1008 3806 1062 3856 R
1120 3808 1143 3870 ss
1202 3808 1250 3857 7.
1291 3806 1376 3858 καὶ
1402 3806 1566 3874 κάρτα
1589 3806 1765 3859 ABd:
1802 3806 1963 3877 κάρτα
2032 3810 2055 3870 η
2123 3806 2206 3857 τὸν
2231 3813 2400 3876 χῶρον

140 3878 353 3926 τοῦτονε
400 3878 423 3940 ΙΙ
470 3873 624 3945 οὔρεα
656 3874 806 3928 0sz
867 3877 889 3939 ΙΙ
939 3877 988 3924 S.
1028 3874 1193 3943 ἄβατα
1218 3874 1280 3925 τὰ
1306 3874 1511 3927 Reiske
1558 3878 1581 3940 ΙΙ
1628 3873 2111 3945 περικλήιειΑΒΟ,
2140 3874 2404 3943 περικλήει

144 3939 203 4003 R,
229 3942 500 4014 περικλείει
531 3943 591 4005 0,
620 3943 932 4015 περικλῃειε
979 3947 1002 4009 ΙΙ
1050 3943 1241 4013 μηλίδα
1266 3942 1352 3993 R:
1394 3942 1619 4013 μηλιάδα
1666 3947 1688 4008 ΙΙ
1746 3944 2007 4014 τρηχίνεαι
2029 3960 2055 3994 z
2102 3946 2125 4008 n
2189 3945 2268 3992 10.
2309 3942 2401 3993 ἀπ’

144 4010 265 4063 PR:
328 4015 353 4077 ΙΙ
421 4014 651 4081 ποταμὸς
688 4012 813 4082 σπέρ
852 4031 954 4070 ειος
996 4013 1051 4075 0,
1102 4013 1330 4081 ποταμὸς
1367 4014 1642 4084 σπερχηῖὸς
1680 4012 1734 4063 R
1802 4015 1824 4078 ΙΙ
1900 4013 1980 4064 11.
2019 4011 2256 4079 αἰνιήνων
2285 4012 2340 4063 R
2384 4012 2405 4079 ΙΙ

144 4080 217 4130 12.
254 4099 351 4134 που
381 4080 432 4133 0
485 4086 508 4146 fl
564 4080 721 4139 ἄλλος
749 4111 777 4119 -
811 4030 868 4131 k
895 4081 1107 4133 σταδίων
1134 4098 1239 4133 om.
1271 4080 1308 4132 d
1373 4084 1396 4147 ΙΙ
1463 4088 1628 4133 κεῖται
1654 4080 1702 4132 L
1770 4084 1793 4146 ΙΙ
1866 4082 1945 4130 13.
1986 4081 2071 4133 τὸν
2098 4078 2403 4149 μυθεύονται

142 4146 412 4217 βοηθέοντα
436 4168 463 4203 z
494 4155 517 4216 ΙΙ
550 4151 630 4220 τῷ
653 4167 760 4202 om.
791 4149 921 4201 PRz
952 4153 976 4215 fl
1009 4150 1044 4218 ἡ
1080 4150 1410 4203 ακλεῖΑΒΙί
1446 4153 1469 4216 ΙΙ
1504 4150 1653 4221 λόγος
1679 4150 1781 4201 ἐστὶ
1806 4166 1911 4201 om.
1941 4167 1968 4200 z
2004 4152 2027 4214 ΙΙ
2065 4151 2141 4199 15.
2172 4147 2400 4200 καλεῖται

147 4216 190 4266 R
230 4220 252 4283 ΙΙ
302 4221 379 4271 16.
422 4218 887 4303 εὐρυχωρότατονκ
934 4222 956 4283 ΙΙ
1009 4169 1088 4270 1⁶5.
1131 4218 1322 4288 οὐρέων
1347 4236 1372 4269 z
1430 4223 1452 4285 n
1518 4221 1597 4271 19.
1639 4217 1699 4271 οὔ
1733 4230 1816 4270 eo<
1847 4217 2000 4269 CPda
2048 4219 2070 4282 ΙΙ
2117 4215 2402 4287 περικλήιει

142 4285 314 4349 ΑΒΡ,
355 4288 723 4359 περι-κλῃειάι,
764 4287 1025 4357 περικλήει
1053 4288 1132 4349 R,
1178 4287 1445 4357 περι-κλείει
1478 4288 1526 4341 C
1588 4291 1611 4350 ΙΙ
1723 4291 1764 4335 Ο.
1814 4286 1926 4337 διασ
1967 4285 2084 4346 άξον
2110 4285 2164 4346 d,
2213 4284 2399 4354 βαθεῖα

143 4353 213 4406 δια
374 4357 554 4410 Strab.
630 4360 653 4421 ΙΙ
723 4357 805 4407 21.
860 4357 939 4420 ῥεῖ
961 4365 1126 4409 testes
1197 4360 1220 4422 ΙΙ
1289 4358 1402 4426 περὶ
1437 4373 1463 4406 z
1533 4359 1555 4420 ΙΙ
1625 4356 1875 4427 ὑπώρειαν
1903 4304 1965 4407 ΙΞ
2022 4357 2044 4419 ΙΙ
2101 4356 2182 4405 22.
2224 4352 2399 4424 οὔρεος

148 4422 191 4475 C'
346 4429 369 4490 fl
440 4428 570 4496 μέγα
596 4426 654 4477 R
724 4428 746 4489 ΙΙ
815 4427 899 4477 23.
939 4425 1132 4496 οὐρέων
1165 4426 1317 4478 0sz
1384 4428 1408 4490 u
1477 4425 1697 4477 τουτέων
1721 4442 1747 4475 z
1816 4427 1838 4488 ΙΙ
1912 4424 1995 4473 24.
2037 4422 2344 4475 στεινότατον
2371 4452 2400 4461 -

142 4506 189 4559 p.
218 4494 331 4559 260,
360 4497 391 4545 2
418 4498 653 4563 ποταμοῦ
677 4495 847 4547 om.C
882 4499 904 4561 ΙΙ
953 4494 1258 4553 στεινότατός
1282 4494 1336 4544 R

1873 4578 1984 4627 17*
