3059 5125
1020 346 1440 409 -Η-
2251 348 2377 410 229

95 510 442 619 Ἕλληνας
478 520 563 593 τὰ
590 519 847 593 ἑωυτοῦ
873 525 1240 621 πρήγματα
1274 524 1406 619 πρὸ
1445 526 1565 592 τοῦ
1603 520 1842 593 στόλου
1872 525 1990 592 τοῦ
2028 520 2379 618 γινομένου

106 642 523 740 παραδώσειν
564 641 782 739 σφέας
816 644 939 740 τὴν
979 640 1151 740 ἰδίην
1189 640 1581 739 ἐλευθερίην
1603 699 1621 730 ,
1661 644 1770 713 καὶ
1807 639 1983 711 οὕτω
2020 639 2179 714 οὐδὲ
2214 640 2376 739 δεή-

109 787 234 833 σειν
272 748 377 831 ἐπ’
448 760 698 841 αὐτοὺς
750 760 1375 859 στρατηλατέοντας
1419 764 1788 858 πρήγματα
1843 759 2042 857 ἔχειν.
2115 760 2255 833 οἶκε
2305 760 2380 833 δέ

109 880 300 952 αὐτοῦ
351 878 529 978 αὕτη
583 881 630 978 ἡ
690 885 931 978 γνώμη
988 883 1078 978 τῇ
1130 906 1206 977 γε
1258 879 1458 979 ἄλλῃ.
1548 880 1680 952 ἐὼν
1734 878 1858 978 γὰρ
1908 880 1977 952 ἐν
2015 873 2296 981 Ἀβύδῳ
2344 880 2380 951 δ

108 999 353 1099 Ξέρξης
390 998 531 1072 εἶδε
566 998 777 1071 πλοῖα
813 998 887 1071 ἐκ
921 1005 1038 1089 τοῦ
1078 997 1337 1072 Πόντου
1384 998 1726 1098 σιταγωγὰ
1776 1000 2231 1072 διεκπλώοντα
2265 1003 2379 1071 τὸν

100 1108 645 1217 Ἑλλήσποντον,
710 1118 782 1200 ’ές
855 1144 928 1191 τε
1003 1115 1272 1216 Αἴγιναν
1340 1122 1449 1191 καὶ
1511 1118 2039 1217 Πελοπόννησον
2106 1119 2380 1214 κομιζό-

114 1264 287 1333 μενα.
399 1229 469 1310 οἱ
528 1239 648 1331 μὲν
714 1240 799 1336 δὴ
865 1238 1184 1337 πάρεδροι
1251 1237 1458 1311 αὐτοῦ
1527 1242 1622 1320 ὡς
1690 1238 2019 1311 ἐπύθοντο
2084 1237 2380 1332 πολέμια

111 1360 263 1431 εἶναι
311 1355 397 1428 τὰ
470 1356 715 1445 πλοῖα,
785 1357 1041 1452 ἕτοιμοι
1102 1359 1277 1457 ἦσαν
1346 1358 1591 1456 αἱρέειν
1653 1357 1860 1446 αὐτά,
1934 1356 2380 1457 ἐσβλέποντες

113 1479 174 1558 ἐς
232 1481 342 1549 τὸν
414 1477 705 1578 βασιλέα
772 1478 960 1548 ὁκότε
1026 1476 1493 1575 παραγγελέει.
1615 1477 1651 1547 ό
1730 1474 1806 1548 δέ
1853 1474 2112 1574 Ξέρξης
2166 1479 2379 1574 εἴρετο

84 1595 340 1678 αὐτοὺς
389 1597 537 1695 ὅκῃί
575 1595 842 1668 πλέοιεν
867 1619 882 1634 ·
972 1598 1034 1667 οἰ
1082 1595 1157 1666 δὲ
1215 1595 1405 1668 εἶπαν
1447 1589 1567 1677 “ἐς
1606 1597 1764 1676 τοὺς
1799 1597 1959 1676 σοὺς
1993 1594 2377 1689 πολεμίους,

116 1716 165 1785 ὦ
218 1716 552 1804 δέσποτα,
634 1717 813 1787 σῖτον
873 1703 1201 1811 ἄγοντες.”
1281 1717 1318 1785 ό
1386 1713 1463 1787 δὲ
1512 1713 1874 1816 ὑπολαβὼν
1928 1714 2060 1813 ἔφη
2110 1701 2378 1786 αοὐκῶν

119 1838 215 1907 καὶ
271 1836 477 1935 ἡμεῖς
537 1835 684 1906 ἐκεῖ
736 1834 1030 1929 πλέομεν
1098 1833 1262 1907 ἔνθα
1321 1861 1446 1934 περ
1512 1833 1694 1905 οὖτοι
1755 1836 1928 1907 τοῖσί
1983 1859 2054 1906 τε
2115 1832 2381 1906 ἄλλοισι

118 1956 544 2055 ἐξηρτυμένοι
598 1957 704 2026 καὶ
754 1959 952 2050 σίτῳ;
1021 1959 1085 2025 τί
1130 1955 1302 2054 δῆτα
1354 1940 1690 2027 ἀδικέουσι
1753 1953 1935 2025 οὗτοι
1987 1955 2149 2052 ἡμῖν
2205 1958 2380 2027 σιτία

116 2077 677 2174 παρακομίζοντες
698 2068 760 2162 ;”

254 2193 333 2268 Οἱ
371 2197 498 2289 μέν
536 2220 652 2265 νυν
690 2196 1097 2268 κατάσκοποι
1133 2193 1310 2266 οὕτω
1342 2194 1756 2292 θεησάμενοί
1810 2219 1882 2265 τε
1920 2197 2028 2265 καὶ
2065 2192 2376 2288 ἀποπεμ-
2400 2204 2518 2266 148

121 2314 384 2409 φθέντες
432 2314 805 2411 ἐνόστησαν
846 2314 934 2395 ,ἐς
972 2317 1094 2413 τὴν
1132 2311 1506 2412 Εὐρώπην,
1565 2315 1627 2385 οἱ
1677 2310 1751 2386 δέ
1797 2316 2177 2408 συνωμόται
2204 2300 2381 2384 Ἐλ-

122 2435 327 2532 λήνων
367 2435 483 2507 ἐπὶ
519 2434 620 2530 τῷ
658 2432 893 2533 Πέρσῃ
954 2433 1123 2529 μετὰ
1168 2437 1291 2533 τὴν
1349 2431 1736 2529 ἀπόπεμψιν
1775 2441 1908 2506 τῶν
1946 2432 2382 2506 κατασκόπων

126 2555 379 2654 δεύτερα
434 2554 741 2649 ἔπεμπον
800 2553 872 2637 ἐς
896 2540 1151 2653 Ἀργος
1205 2551 1549 2652 ἀγγέλους.
1634 2542 1937 2654 Ἀργεῖοι
1988 2553 2063 2627 δέ
2114 2553 2381 2652 λέγουσι

127 2674 197 2745 τὰ
225 2666 365 2746 κατ’
428 2675 726 2755 ἑωυτοὺς
773 2675 1089 2772 γενέσθαι
1147 2676 1302 2746 ὧδε.
1391 2674 1730 2748 πυθέσθαι
1774 2674 1899 2773 γὰρ
1945 2673 2180 2746 αὐτίκα
2227 2661 2370 2744 κατ’

84 2790 320 2890 ιάρχὰς
354 2793 437 2866 τὰ
479 2794 552 2865 ἐκ
585 2800 706 2866 τοῦ
745 2793 1087 2895 βαρβάρου
1124 2794 1514 2892 ἐγειρόμενα
1551 2794 1660 2866 ἐπὶ
1710 2797 1832 2892 τὴν
1859 2780 2202 2882 Ἐλλάδα,
2253 2819 2381 2864 πυ-

127 2912 379 3006 θόμενοι
415 2913 531 3003 δέ,
584 2916 692 2986 καὶ
735 2914 1067 3008 μαθόντες
1105 2916 1199 2995 ὡς
1234 2913 1449 3011 σφέας
1485 2916 1548 2984 οἱ
1570 2900 1912 3011 ’Έλληνες
1947 2917 2384 3011 πειρήσονται

128 3033 755 3135 παραλαμβάνοντες
806 3032 917 3105 ἐπὶ
972 3036 1084 3105 τὸν
1142 3032 1415 3132 Πέρσην
1438 3091 1454 3122 ‚
1521 3032 1784 3130 πέμψαι
1833 3032 2258 3130 θεοπρόπους·
2311 3031 2383 3112 ἐς

131 3148 405 3249 Δελφοὺς
472 3157 585 3225 τὸν
662 3152 817 3224 θεὸν
880 3152 1458 3252 ἐπειρησομένους
1511 3155 1608 3234 ὥς
1666 3178 1781 3249 σφι
1836 3150 2069 3246 μέλλει
2110 3150 2379 3250 ἄριστον

131 3271 405 3346 ποιέουσι
451 3272 806 3371 γενέσθαι·
901 3275 1141 3346 νεωστὶ
1197 3271 1323 3371 γὰρ
1391 3272 1619 3369 σφέων
1677 3271 1992 3343 τεθνάναι
2042 3270 2380 3368 ἑξακισχι-

84 3407 106 3455 5
135 3388 291 3471 λίους
325 3392 451 3463 ὑπὸ
490 3391 1035 3487 Λακεδαιμονίων
1073 3393 1184 3462 καὶ
1223 3389 1651 3486 Κλεομένεος
1685 3396 1805 3462 τοῦ
1832 3380 2379 3489 Ἀναξανδρίδεω,

134 3515 246 3578 τῶν
281 3509 362 3609 δὴ
399 3510 617 3584 εἵνεκα
670 3511 980 3606 πέμπειν.
1067 3513 1190 3608 τὴν
1241 3509 1314 3583 δέ
1362 3509 1627 3608 Πυθίην
1672 3509 2087 3608 ἐπειρωτῶσι
2123 3509 2381 3583 αὐτοῖσι

138 3625 366 3702 ἀνελεῖν
402 3631 581 3704 τάδε.

228 3956 266 4006 1.
377 3957 579 4027 ἀγματα
618 3955 667 4009 0
729 3958 753 4021 ΙΙ
824 3958 872 4006 2.
915 3955 1049 4010 οὕτω
1090 3956 1190 4010 st:
1244 3954 1405 4014 οὕτως
1489 3958 1511 4021 ΙΙ
1596 3956 1856 4027 οὐδεήσειν
1893 3956 1950 4010 R
2029 3958 2052 4021 ΙΙ
2135 3958 2182 4007 3.
2248 3956 2380 4009 ἔοικε

142 3974 375 4089 ΑΒΟάΊἝ
427 4030 475 4077 4.
514 4025 636 4100 τῇδε
660 4023 794 4097 ἄλλῃ
821 4024 1297 4093 Schweighaeuser
1346 4026 1368 4090 ΙΙ
1430 4027 1478 4076 6.
1512 4025 1861 4096 πελοπόνησον
1889 4023 1978 4075 Ra
2019 4026 2041 4089 ΙΙ
2091 4027 2139 4076 8.
2183 4024 2382 4095 ἑτοῖμοι

148 4089 250 4142 CPz
299 4096 321 4157 ss
376 4093 491 4147 ἔσαν
526 4113 553 4148 z
611 4097 634 4160 ΙΙ
702 4096 751 4144 9.
792 4093 939 4163 βασιλ
979 4115 1011 4147 α
1048 4112 1075 4146 z
1144 4097 1167 4158 ΙΙ
1237 4093 1381 4147 ‹sam-e
1419 4097 1528 4148 AB
1587 4096 1610 4158 ΙΙ
1683 4092 2003 4165 παραγγελέη
2042 4092 2079 4143 d
2144 4096 2167 4158 ΙΙ
2226 4092 2381 4163 ἤρετο

148 4157 187 4208 C
241 4162 262 4224 ΙΙ
340 4163 417 4214 10.
457 4161 629 4217 ὅκοιά
694 4165 718 4228 ΙΙ
805 4164 883 4214 11.
1018 4179 1123 4216 om.
1165 4182 1192 4215 z
1260 4165 1283 4228 ΙΙ
1360 4164 1438 4214 12.
1490 4165 1604 4233 περ]
1644 4163 1730 4215 καὶ
1767 4162 1825 4225 d,
1879 4180 1971 4232 περ
2014 4164 2099 4214 καὶ
2135 4179 2162 4214 z
2231 4166 2254 4229 ΙΙ
2329 4182 2381 4215 τε

146 4243 233 4279 om,
268 4230 453 4284 ABG'd
515 4235 561 4298 ΙΙ.
612 4233 691 4283 13.
735 4231 823 4303 ἐξη
924 4231 1067 4301 μένοι
1118 4230 1315 4286 ABGd
1381 4235 1405 4297 ΙΙ
1476 4237 1614 4286 σῖτον
1651 4231 1687 4284 d
1750 4235 1771 4297 ΙΙ
1849 4233 1928 4283 16.
1977 4232 2249 4300 συνομόται
2285 4234 2324 4284 d
2361 4230 2384 4300 ΙΙ

150 4295 215 4347 19.
261 4299 366 4352 ὦιδε
393 4300 445 4353 Ρ
504 4303 528 4366 11
599 4302 682 4352 21.
725 4303 794 4360 ὡς
827 4250 988 4372 gan<
1026 4300 1135 4354 Pz:
1175 4302 1244 4360 ὥς
1271 4319 1425 4371 σφεας
1505 4299 1525 4370 ΙΙ
1606 4319 1676 4353 πα
1750 4318 1968 4354 σονταιε
2047 4302 2070 4365 ΙΙ
2154 4302 2239 4352 23.
2278 4308 2380 4352 τῶν

148 4362 191 4413 R
256 4369 277 4430 11
365 4372 388 4422 ἐ
532 4370 778 4439 σομένους
821 4369 892 4432 0,
956 4369 1316 4441 είρησομένους
1361 4370 1418 4424 R
1486 4372 1509 4434 ΙΙ
1583 4368 1680 4438 μέλ
1717 4388 1765 4423 οι
1812 4371 1868 4422 R
1949 4371 1972 4434 ΙΙ
2053 4371 2135 4419 21.
2190 4374 2383 4421 ποιεῦσι

148 4429 263 4571 217)ss
314 4387 528 4564 &haef-⁷&
553 4437 659 4493 PR
714 4441 738 4505 ΙΙ
795 4439 889 4509 γάρ
916 4457 1082 4511 σφεων
1108 4438 1216 4492 ΑΒ
1273 4440 1295 4505 ΙΙ
1344 4441 1425 4491 25.
1467 4457 1518 4491 τε
1545 4438 1681 4492 ml?
1730 4441 1753 4502 11
1800 4440 1881 4490 26.
1923 4437 2083 4490 τῶνδε
2110 4436 2173 4506 δὴ
2201 4437 2332 4491 PRz
2363 4436 2385 4506 ΙΙ

234 4520 324 4569 part
368 4523 413 4559 σι
