3059 5125
600 321 734 365 Lxx
1594 302 1885 356 Praefatio.

599 474 935 573 perfectis
987 479 1214 552 additi
1266 479 1611 575 exempla
1659 478 1955 575 collegit
1990 480 2291 576 Lhardy
2328 488 2619 551 centum
2666 503 2849 551 sexa-

598 608 805 703 ginta
839 616 914 680 et
949 610 1120 694 du0,
1158 609 1405 682 omissi
1444 610 1750 704 triginta
1786 635 2040 682 unum.
2134 610 2340 704 atqui
2384 635 2481 682 ex
2528 609 2671 680 hac
2716 610 2851 702 ipsa

600 739 969 832 paucitate
1006 740 1156 811 iam
1193 739 1572 813 defluxere
1610 740 1875 834 viginti
1912 741 2082 825 du0‚
2135 764 2271 813 nee
2305 748 2699 834 supersunt
2730 739 2850 810 nisi

596 869 781 940 haec
818 876 1134 962 septem:
1191 864 1608 970 ἀναβεβήκεε
1644 871 1717 941 Α
1759 871 1880 954 84,
1935 866 2446 969 ἀναβεβήκεσαν
2484 864 2543 938 Η
2586 871 2658 954 6,
2694 892 2848 938 τετε·

600 997 912 1096 λευτήκεε
949 999 1022 1069 Α
1069 999 1238 1084 165,
1290 996 1769 1070 καταλελοίπεε
1806 996 1860 1068 Γ
1898 999 2021 1084 61,
2074 996 2554 1069 καταλέλειπτο
2598 993 2659 1067 H
2707 998 2847 1082 170,

599 1126 873 1198 δέδοκτο
926 1123 949 1197 l
994 1128 1123 1213 74,
1175 1127 1691 1225 παρατετάχατο
1744 1123 1794 1198 Θ
1837 1128 1959 1200 95.
2066 1136 2149 1199 ut
2198 1151 2345 1199 non
2396 1126 2729 1200 absimile
2772 1126 2852 1196 sit

599 1256 750 1328 veri
804 1280 897 1328 ne
947 1254 1096 1328 illis
1148 1257 1444 1350 quidem
1503 1281 1551 1327 a
1608 1257 1970 1352 principio
2030 1255 2367 1330 defuisse.
2498 1281 2669 1328 nam
2730 1258 2850 1330 duo

600 1395 976 1479 praeterea
1012 1387 1092 1458 in
1127 1409 1216 1459 eo
1249 1410 1556 1491 recensu
1590 1388 1832 1481 posita
1866 1386 2147 1459 κατέατο
2196 1384 2217 1458 l
2264 1388 2385 1472 90,
2443 1383 2852 1483 περικατέατο

602 1511 652 1584 Θ
700 1515 833 1587 111
881 1514 1146 1588 melius
1200 1519 1506 1589 aberant
1558 1517 1839 1611 quippe
1888 1542 1982 1589 ex
2034 1514 2175 1588 alio
2224 1541 2492 1612 genere
2541 1525 2853 1608 reeteque

597 1644 895 1717 literula
929 1647 1275 1732 carentia,
1327 1647 1389 1717 si
1440 1647 1737 1740 quidem
1789 1646 2277 1719 coniecturam
2326 1645 2505 1719 licet
2551 1643 2780 1718 faeere
2820 1669 2853 1716 e

600 1773 1106 1847 consimilibus
1145 1782 1438 1875 κατῆστο
1464 1777 1537 1847 A
1558 1776 1677 1849 46.
1712 1773 1764 1847 Γ
1784 1776 1906 1859 83,
1944 1777 2125 1848 adeo
2164 1784 2248 1847 ut
2275 1774 2598 1846 ἐκατέατο
2630 1774 2679 1847 Γ
2708 1775 2850 1845 144.

602 1903 653 1975 θ
697 1906 789 1976 73
813 1960 831 1991 ‚
882 1902 1359 2001 περιεκατέατο
1412 1906 1605 1977 hanc
1656 1929 1952 2001 quoque
2004 1908 2099 1978 ob
2149 1928 2443 1978 eausam
2480 1929 2627 1977 non
2664 1905 2855 1975 dubi-

601 2035 817 2107 tarim
877 2059 1045 2106 cum
1096 2033 1459 2106 Bredovio
1524 2060 1597 2129 p.
1655 2035 1801 2108 317
1860 2036 2208 2109 breviare.
2352 2035 2549 2124 idem
2611 2044 2855 2118 tamen,

603 2164 1072 2259 quantumvis
1121 2162 1252 2238 illo
1301 2173 1555 2235 eontra
1604 2166 1997 2251 suadente,
2060 2165 2187 2236 vix
2246 2165 2431 2238 mihi
2480 2163 2855 2258 temperavi

603 2295 786 2389 quin
820 2297 1238 2368 reducerem
1284 2318 1379 2366 ex
1415 2293 1564 2367 AG
1608 2293 1908 2388 ἐμετίετο
1945 2297 2021 2366 Α
2066 2293 2153 2366 12
2207 2296 2302 2365 ab
2347 2296 2603 2368 eodem
2640 2293 2856 2387 capite

602 2426 1022 2511 deductum,
1059 2426 1254 2518 quod
1292 2431 1406 2497 est
1443 2427 1674 2517 μετίω,
1732 2424 1928 2495 unde
1978 2423 2197 2495 fluxit
2249 2425 2445 2519 quod
2489 2448 2706 2518 supra
2744 2446 2859 2516 po-

601 2555 716 2627 sui
756 2551 1218 2648 μεμετιμένος.
1309 2555 1438 2628 sed
1485 2553 1687 2627 hunc
1735 2552 1977 2627 locum
2024 2552 2248 2628 latius
2296 2563 2669 2649 patentem
2703 2550 2858 2625 alias

600 2694 1036 2780 repetemus,
1129 2692 1303 2784 χρῆν
1343 2683 1672 2756 erebrius
1709 2692 1820 2756 est
1854 2709 2079 2778 quam
2116 2684 2359 2783 ἐχρῆν,
2414 2709 2562 2757 non
2617 2684 2855 2757 verius.

605 2813 969 2914 βούλεσθαι
1019 2826 1096 2888 et
1147 2813 1412 2908 μέλλειν
1462 2814 1502 2887 ἐ’
1563 2816 1973 2907 praefixum
2024 2815 2324 2895 habent,
2386 2839 2536 2885 non
2588 2816 2675 2911 ἢ,
2742 2836 2857 2885 nec

604 2942 842 3015 ullum
877 2969 920 3016 e
954 2945 1218 3039 grandi
1255 2968 1561 3016 numero
1596 2943 2098 3037 exemplorum
2149 2943 2369 3037 plane
2409 2943 2690 3016 librarii
2726 2966 2858 3014 oor-

603 3081 994 3167 ruperunt:
1064 3099 1211 3168 quo
1255 3076 1488 3170 magis
1526 3075 1635 3147 eis
1670 3075 2113 3147 credendum
2166 3064 2362 3167 quod
2411 3096 2578 3145 oum
2615 3071 2857 3148 ἐδυνέα-

603 3227 680 3274 το
759 3203 1116 3278 exhibent
1192 3204 1483 3298 saepius
1550 3213 1709 3276 tum
1788 3213 1900 3277 ter
1977 3200 2308 3300 ἠδυνέατο
2373 3200 2427 3274 Δ
2494 3203 2660 3276 110.
2714 3200 2855 3273 185.

607 3330 632 3404 l
679 3335 796 3406 70.

813 3465 1326 3559 Augmentum
1377 3462 1777 3557 temporale
1824 3458 2305 3535 multifariam
2345 3485 2501 3533 esse
2537 3461 2860 3533 omissum

608 3596 702 3664 ab
739 3595 900 3686 ipso
937 3593 1281 3688 scriptore
1330 3618 1482 3666 non
1526 3594 1776 3667 minus
1824 3600 1937 3666 est
1982 3601 2264 3665 certum
2316 3615 2540 3686 qua-m
2590 3584 2859 3665 difficile

607 3729 953 3808 statuere,
991 3723 1261 3817 quibus
1297 3723 1763 3817 potissimum
1788 3722 1869 3793 in
1894 3723 2136 3795 verbis
2165 3731 2589 3816 quantaque
2624 3722 2701 3793 in
2735 3718 2861 3791 sin·

606 3849 801 3945 gulis
836 3875 1086 3924 eorum
1123 3852 1555 3925 constantia.
1640 3850 1768 3923 illa
1802 3876 1975 3926 vero
2012 3852 2194 3945 ipsa,
2232 3852 2323 3924 de
2359 3852 2632 3945 quibus
2668 3876 2711 3922 a
2740 3848 2860 3921 fide
2996 3814 2997 3859 ³

604 3979 958 4053 librorum
1009 3979 1199 4053 nihil
1247 3981 1478 4054 oritur
1523 3981 2033 4063 dubitationis,
2070 3978 2338 4053 frustra
2373 3981 2748 4055 conaberis
2785 3976 2858 4047 ad

606 4109 793 4206 legis
833 4109 1137 4183 alicuius
1186 4111 1655 4185 severitatem
1692 4112 2018 4206 redigere
2069 4120 2199 4182 aut
2242 4110 2471 4183 etiam
2507 4111 2705 4184 intra
2732 4128 2860 4182 oer-

609 4250 728 4313 tae
764 4241 1312 4314 consuetudinis
1357 4239 1797 4335 compellere
1848 4241 2227 4315 terminos:
2281 4265 2370 4313 eo
2420 4264 2655 4335 usque
2704 4241 2859 4311 haec

608 4393 724 4442 res
775 4379 853 4442 et
900 4395 1089 4467 vaga
1133 4380 1247 4445 est
1293 4380 1555 4467 suapte
1603 4379 1877 4447 natura
1918 4379 1994 4444 et
2027 4395 2203 4443 casu
2240 4370 2673 4463 incuriaque
2720 4387 2860 4461 per-

612 4501 923 4575 turbata.
1067 4501 1440 4577 temeritas
1513 4512 1759 4576 autem
1830 4509 2317 4574 correctorum
2336 4552 2355 4585 ,
2434 4500 2501 4571 Ο
2569 4497 2860 4571 maxime
