3059 5125
1055 372 1462 437 ..A-..
2278 371 2399 436 109

161 546 390 618 ἐκέλευε
425 546 490 620 ἓν
528 546 1003 647 βουλευτήριον
1026 535 1274 629 Ἴωνας
1309 548 1653 648 ἐκτῆσθαι,
1712 552 1788 620 τὸ
1825 546 1901 620 δὲ
1937 546 2105 620 εἶναι
2142 547 2211 621 έν
2248 544 2399 644 Τέῳ

163 664 344 756 (Τέων
377 667 497 764 γὰρ
535 667 739 760 μέσον
777 668 946 740 εἶναι
973 659 1307 767 Ἰωνίης),
1370 668 1490 749 τὰς
1539 667 1615 739 δὲ
1652 667 1867 749 ἄλλας
1904 668 2147 749 πόλιας
2184 667 2395 740 οἰκεο-

157 787 335 879 μένας
366 789 568 886 ἧσσον
604 788 995 882 νομίζεσθαι
1045 788 1214 861 κατά
1265 814 1391 886 περ
1442 790 1499 859 εἰ
1557 789 1764 888 δῆμοι
1806 786 1957 859 εἶεν.
2049 786 2234 859 οὗτοι
2274 788 2395 881 μὲν

155 908 227 1004 δή
263 932 369 1004 σφι
403 912 673 1006 γνώμας
709 907 978 981 τοιάσδε
1017 906 1441 990 ἀπεδέξαντο.

104 1053 123 1099 5
272 1016 613 1125 Ἅρπαγος
668 1026 744 1099 δὲ
809 1028 1444 1127 καταστρεψάμενος
1489 1019 1761 1126 Ἰωνίην
1822 1029 2126 1101 ἐποιέετο
2184 1054 2390 1128 στρα-
2413 1046 2521 1106 171

153 1151 325 1244 τηίην
374 1147 479 1218 ἐπὶ
531 1143 768 1246 Κᾶρας
824 1153 934 1219 καὶ
987 1145 1324 1228 Καυνίους
1373 1152 1482 1220 καὶ
1519 1146 1820 1228 Λυκίους,
1876 1147 2017 1242 ἅμα
2067 1147 2397 1245 ἀγόμενος

153 1261 485 1347 καὶἸωνας
522 1270 630 1339 καὶ
660 1263 970 1348 Αἰολέας.
1040 1269 1166 1341 εἰσὶ
1204 1267 1278 1340 δὲ
1311 1269 1570 1340 τούτων
1614 1264 1841 1366 Κᾶρες
1879 1267 2000 1362 μὲν
2039 1267 2395 1364 ἀπιγμένοι

151 1385 209 1465 ές
237 1390 344 1484 τήν
380 1387 661 1484 ἤπειρον
703 1385 776 1458 ἐκ
812 1394 948 1459 τῶν
983 1392 1236 1486 νήσων.
1329 1390 1404 1458 τὸ
1441 1387 1568 1486 γὰρ
1612 1387 1900 1459 παλαιὸν
1937 1387 2158 1468 ἐόντες
2194 1383 2394 1460 Μίνω

150 1509 431 1603 κατήκοοι
486 1508 598 1578 καὶ
655 1506 1050 1601 καλεόμενοι
1102 1506 1396 1605 Λέλεγες
1446 1508 1633 1605 εἶχον
1691 1506 1811 1588 τὰς
1860 1511 2127 1605 νήσους,
2185 1509 2394 1605 φόρον

104 1653 125 1696 ιι
153 1622 252 1717 μὲν
313 1623 552 1699 οὐδένα
625 1624 1135 1709 ὑποτελέοντες,
1208 1627 1368 1699 ὅσον
1419 1629 1526 1698 καὶ
1578 1628 1716 1725 ἐγὼ
1768 1627 2045 1707 δυνατός
2098 1626 2233 1721 είμι
2285 1626 2396 1699 ἐπὶ

151 1748 520 1844 μακρότατον
595 1745 929 1826 ἐξικέσθαι
991 1746 1208 1847 ἀκοῇ·
1291 1749 1353 1819 οί
1417 1747 1526 1828 δέ,
1600 1748 1777 1827 ’ὅκως
1844 1742 2081 1828 Μίνως
2151 1747 2389 1832 δέοιτο,

147 1864 444 1964 ἐπλήρουν
482 1868 547 1938 οἱ
587 1866 705 1946 τὰς
740 1867 919 1946 νέας.
1018 1867 1135 1940 ἅτε
1173 1868 1258 1965 δὴ
1298 1863 1495 1940 Μίνω
1534 1892 1605 1939 τε
1644 1867 2230 1966 κατεστραμμένου
2266 1875 2392 1968 γῆν

147 1984 368 2083 πολλὴν
420 1987 529 2059 καὶ
588 1985 1022 2083 εὐτυχέοντος
1069 1989 1169 2084 τῷ
1217 1985 1534 2083 πολέμῳ,
1591 1989 1668 2058 τὸ
1709 1983 2005 2085 Καρικὸν
2055 1988 2141 2084 ἧν
2194 1985 2395 2066 ἔθνος

152 2103 564 2200 λογιμώτατον
607 2113 744 2176 τῶν
784 2106 1037 2180 ἐθνέων
1076 2107 1386 2181 ἁπάντων
1422 2106 1591 2180 κατὰ
1625 2111 1860 2179 τοῦτον
1897 2107 2041 2201 ἅμα
2077 2109 2188 2178 τὸν
2225 2109 2388 2205 χρό-

104 2247 234 2294 mov
265 2229 494 2325 μακρῷ
521 2225 834 2320 μάλιστα.
927 2234 1035 2301 καί
1071 2256 1189 2326 σφι
1225 2227 1409 2327 τριξὰ
1445 2227 1869 2326 ἐξευρήματα
1905 2226 2172 2324 ἐγένετο
2221 2230 2392 2298 τοῖσι

147 2339 531 2444 οίἜλληνες
565 2347 987 2444 ἐχρήσαντο·
1051 2350 1158 2419 καὶ
1208 2347 1334 2446 γὰρ
1389 2347 1500 2419 ἐπὶ
1551 2345 1632 2419 τὰ
1668 2346 1916 2445 κράνεα
1955 2346 2206 2444 λόφους
2241 2347 2389 2420 έπι·

143 2463 378 2538 δέεσθαι
417 2464 649 2566 Κᾶρές
698 2468 825 2539 εἰσι
875 2469 937 2537 οί
993 2467 1469 2547 καταδέξαντες
1519 2469 1630 2539 καὶ
1680 2467 1791 2539 ἐπὶ
1828 2465 1947 2548 τὰς
1983 2465 2272 2548 ἀσπίδας
2310 2466 2392 2541 τὰ

142 2591 372 2685 σημήια
405 2586 785 2669 ποιέεσθαι,
838 2590 948 2659 καὶ
997 2586 1215 2684 ὄχανα
1251 2586 1487 2661 ἀσπίσι
1524 2588 1708 2660 οὗτοί
1744 2590 1873 2662 είσι
1906 2591 1969 2661 οί
2002 2589 2387 2687 ποιησάμε-

143 2728 226 2774 νοι
251 2715 491 2804 πρῶτοι
521 2732 534 2744 ·
579 2706 758 2788 τέως
797 2707 871 2780 δὲ
907 2705 1069 2779 ἄνευ
1104 2706 1372 2804 ὀχάνων
1413 2707 1695 2806 ἐφόρεον
1734 2706 1852 2789 τὰς
1887 2705 2176 2790 ἀσπίδας
2211 2710 2387 2781 πάν-

107 2846 230 2903 tte<
277 2824 344 2897 οἵ
387 2853 511 2925 περ
570 2826 877 2901 ἐώθεσαν
936 2824 1169 2900 ἀσπίσι
1229 2828 1559 2926 χρᾶσθαι,
1629 2829 1973 2922 τελαμῶσι
2031 2834 2389 2902 σκυτίνοισι

145 2942 529 3041 οἰηκίζοντες,
567 2949 723 3045 περὶ
760 2950 932 3019 τοῖσι
968 2946 1211 3044 αὐχέσι
1247 2973 1320 3020 τε
1359 2951 1467 3019 καὶ
1498 2950 1673 3021 τοῖσι
1706 2946 2109 3048 ἀριστεροῖσι
2142 2951 2388 3044 ὤμοισι

144 3070 570 3161 περικείμενοι.
687 3066 856 3162 μετὰ
913 3067 988 3141 δὲ
1039 3069 1197 3150 τοὺς
1251 3064 1488 3166 Κᾶρας
1540 3070 1767 3166 χρόνῳ
1818 3067 2092 3168 ὕστερον
2151 3069 2393 3166 πολλῷ

144 3178 396 3282 Δωριέες
440 3212 514 3259 τε
564 3190 678 3261 καὶ
716 3174 954 3268 Ἴωνες
1001 3186 1455 3286 ἐξανέστησαν
1492 3187 1567 3260 έκ
1601 3194 1733 3259 τῶν
1768 3191 2022 3287 νήσων,
2064 3191 2173 3261 καὶ
2210 3187 2387 3261 οὕτω

145 3299 199 3379 ἐς
229 3306 336 3402 τὴν
372 3307 653 3407 ἤπειρον
692 3304 1031 3380 ἀπίκοντο.
1126 3306 1293 3379 κατὰ
1333 3306 1454 3401 μὲν
1497 3308 1586 3405 δὴ
1632 3305 1869 3406 Κᾶρας
1904 3308 2082 3382 οὕτω
2122 3306 2389 3410 Κρῆτες

408 3591 670 3668 Ἁρπάγου
696 3597 927 3670 στρατεία
950 3596 1035 3651 ἐπὶ
1060 3592 1238 3669 Κᾶρας
1263 3598 1350 3652 καὶ
1375 3595 1631 3658 Καυνίους
1654 3600 1742 3653 καὶ
1767 3597 1989 3658 Λυκίους
2275 3600 2388 3672 περὶ

317 3659 494 3737 Καρῶν
517 3666 652 3727 τίνες
675 3666 807 3736 ἦσαν
830 3666 919 3719 καὶ
942 3675 1044 3721 τῶν
1070 3660 1186 3738 παρ’
1213 3667 1385 3728 αὐτοῖς
1411 3668 1769 3739 ἐξευρημάτων
1793 3668 1881 3722 καὶ
1906 3668 2041 3723 ἐθῶν

300 3890 359 3975 J.
404 3888 715 3963 Stephanus
752 3892 881 3962 Byz.
921 3908 971 3945 v.
1012 3889 1174 3952 Τέως.
1240 3920 1306 3931 -
1371 3893 1454 3946 12.
1505 3892 1598 3946 ὅτε
1632 3924 1662 3935 -
1702 3895 1764 3945 13
1799 3893 2001 3964 πολλὴν
2035 3893 2275 3948 Thomas
2300 3893 2379 3949 M.

226 3972 273 4025 p.
309 3963 378 4012 ι4.
417 3990 479 4000 -
522 3963 603 4013 13.
647 3960 957 4032 Stephanus
982 3961 1110 4032 Byz.
1143 3979 1192 4015 v.
1224 3957 1396 4033 Καρία

232 4130 271 4180 l·
305 4133 657 4203 ιεκτῆσθαιᾼ
708 4138 733 4202 11
794 4137 844 4188 2.
887 4134 1047 4205 μέσην
1073 4134 1264 4206 steph.
1329 4137 1352 4202 11
1413 4138 1461 4188 3.
1503 4135 1820 4209 καθάπερΒ
1866 4140 1889 4202 11
1936 4137 1995 4203 εἰ]
2028 4137 2126 4190 οἱε
2172 4140 2196 4203 11
2243 4135 2383 4191 οὗτοι

146 4192 392 4253 Sebaefer:
419 4201 551 4256 οὕτω
600 4206 623 4269 11
680 4207 730 4257 4.
771 4204 973 4257 τοιᾶσδε
996 4208 1052 4259 Α
1099 4207 1122 4270 11
1171 4208 1218 4257 5.
1263 4203 1318 4257 δὲ
1346 4222 1454 4258 om.
1484 4224 1511 4258 z
1559 4209 1582 4272 11
1630 4206 1866 4278 στρατίην
1899 4208 1947 4261 0
1985 4210 2007 4273 11
2055 4210 2105 4259 6.
2147 4208 2383 4266 καυνίους

149 4261 230 4315 Ph:
257 4263 589 4337 Καυκωνίους,
620 4273 766 4343 quod
790 4273 934 4327 idem
959 4277 1060 4328 Am
1117 4277 1139 4340 11
1209 4274 1297 4326 καὶ
1322 4272 1545 4334 Λυκίους
1572 4292 1678 4328 om.
1710 4277 1787 4329 A!
1852 4280 1874 4342 11
1945 4280 1994 4328 9.
2037 4273 2202 4340 Μίνω]
2236 4274 2383 4329 Μίνω

147 4347 189 4381 τε
208 4332 234 4383 J
241 4335 564 4417 ⁸*Gronovius
590 4350 683 4396 tan
726 4360 852 4397 uam
878 4361 945 4396 ex
969 4348 1021 4397 A
1072 4348 1095 4411 11
1147 4345 1225 4396 10.
1267 4343 1353 4397 ἐπὶ
1379 4344 1697 4415 μακρότατον
1724 4346 1968 4400 Werfer=
1998 4345 2313 4417 μακρότατον
2366 4350 2383 4411 11

157 4401 322 4482 ¹230?st
350 4407 403 4460 δὲ
426 4409 489 4479 δὴ
521 4412 683 4477 01²1»,
743 4413 768 4464 ὲ
827 4431 854 4464 :2
899 4416 924 4479 11
969 4430 1157 4466 τεοιιι.
1187 4432 1214 4466 z
1261 4415 1283 4478 11
1341 4416 1419 4465 14.
1463 4413 1814 4483 δοκιμώτατον
1840 4413 2031 4484 steph.
2083 4419 2105 4480 11
2158 4417 2237 4467 15.
2281 4435 2375 4483 μα·

153 4473 253 4537 ῑςιφ]
277 4475 355 4528 καὶ
378 4479 608 4550 μακρῷσ
675 4485 697 4546 11
772 4432 1024 4553 ἐξεγένετο
1055 4484 1103 4537 C
1173 4486 1198 4548 11
1285 4485 1365 4535 18.
1407 4489 1598 4553 σημεῖα
1624 4484 1700 4536 1²2
1780 4486 1805 4549 11
1886 4487 1969 4536 20.
2011 4484 2246 4556 ἐώθησαν
2272 4504 2297 4536 z

152 4541 347 4605 Ἰρὲεσῦαι
373 4548 417 4601 L
487 4553 510 4614 11
579 4552 661 4603 23.
702 4549 862 4609 οὕτως
891 4553 940 4606 L
