3059 5125
1132 341 1516 405 —1—
2332 342 2462 407 375

175 513 414 596 κάδας.
525 514 705 587 οὕτω
753 517 838 614 δὴ
892 515 1096 613 ἔσχον
1146 518 1208 587 οί
1233 503 1590 615 Ἀθηναῖοι
1627 517 1737 588 καὶ
1775 513 2270 616 ὑπερεβάλοντο
2306 517 2465 596 τοὺς

173 630 544 732 Τεγεήτας.

336 749 537 826 Μετὰ
572 751 647 825 δὲ
682 760 893 827 ταῦτα
943 753 1296 829 ἐτάσσοντο
1338 755 1474 828 ὧδε
1512 757 1575 826 οί
1612 753 2110 851 ἐπιφοιτέοντές
2143 779 2215 827 τε
2252 757 2362 827 καὶ
2401 756 2462 826 οἱ
2495 760 2576 828 28

175 870 405 971 ἀρχὴν
445 851 757 954 ἐλθόντες
783 870 1166 974 Ἑλλήνων.
1241 878 1316 946 τὸ
1378 872 1497 968 μὲν
1537 873 1747 954 δεξιὸν
1784 874 1982 971 κέρας
2016 871 2200 970 εἶχον
2238 871 2463 946 Λακε-

111 1012 140 1060 5
175 992 553 1086 δαιμονίων
605 995 866 1092 μύριοι·
959 996 1215 1065 τούτων
1274 993 1348 1066 δὲ
1397 995 1555 1074 τοὺς
1605 992 2181 1089 πεντακισχιλίους
2234 992 2465 1073 ἐόντας

176 1109 616 1209 Σπαρτιήτας
646 1111 1029 1209 ἐφύλασσον
1069 1113 1254 1210 ψιλοὶ
1288 1120 1421 1183 τῶν
1461 1113 1758 1184 εἱλώτων
1795 1109 2322 1209 πεντακισχίλιοι
2350 1114 2466 1184 καὶ

173 1232 593 1328 τρισμύριοι,
629 1234 783 1330 περὶ
819 1230 1033 1329 ἄνδρα
1069 1231 1348 1304 ἕκαστον
1394 1228 1562 1304 ἑπτὰ
1596 1229 2006 1328 τεταγμένοι.
2081 1229 2468 1329 προσεχέας

179 1347 255 1419 δὲ
294 1353 489 1444 σφίσι
546 1347 812 1424 εἵλοντο
867 1350 1140 1422 ἑστάναι
1193 1353 1255 1422 οἱ
1299 1350 1718 1450 Σπαρτιῆται
1766 1351 1923 1430 τοὺς
1967 1345 2310 1446 Τεγεήτας
2356 1351 2467 1422 καὶ

177 1474 387 1567 τιμῆς
424 1465 641 1541 εἷ’νεκα
676 1472 785 1542 καὶ
821 1466 1103 1568 ἀρετῆς·
1177 1472 1431 1542 τούτων
1491 1456 1553 1540 δ’
1599 1471 1773 1569 ἦσαν
1812 1468 2076 1541 ὁπλῖται
2110 1468 2320 1564 χίλιοι
2354 1471 2467 1542 καὶ

86 1606 145 1656 10
176 1589 626 1659 πεντακόσιοι.
710 1587 879 1683 μετὰ
928 1586 1003 1659 δὲ
1039 1590 1314 1669 τούτους
1362 1587 1628 1660 ἵσταντο
1679 1585 2062 1687 Κορινθίων
2110 1611 2464 1661 πεντακισ-

179 1705 415 1802 χίλιοι,
454 1705 639 1805 παρὰ
676 1706 749 1779 δὲ
779 1711 967 1804 σφίσι
995 1706 1270 1806 εὕροντο
1300 1708 1484 1806 παρὰ
1510 1705 1914 1781 Παυσανίεω
1951 1705 2223 1778 ἑστάναι
2256 1703 2464 1778 Ποτι-

183 1823 524 1922 δαιητέων
562 1831 698 1896 τῶν
729 1825 804 1897 ἐκ
834 1824 1212 1924 Παλλήνης
1239 1828 1398 1909 τοὺς
1425 1830 1798 1926 παρεόντας
1822 1830 2265 1923 τριηκοσίους.
2305 1828 2463 1897 τού-

181 1966 311 2012 των
349 1942 429 2015 δέ
460 1942 776 2040 ἐχόμενοι
819 1943 1082 2017 ἵσταντο
1105 1935 1420 2045 Ἀρκάδες
1450 1935 1883 2042 Ὀρχομένιοι
1920 1943 2271 2032 ἑξακόσιοι,
2306 1946 2465 2015 τού-

181 2085 314 2133 των
354 2060 433 2133 δὲ
472 2061 826 2135 Σικυώνιοι
858 2063 1233 2163 τρισχίλιοι.
1313 2065 1568 2136 τούτων
1606 2062 1683 2134 δὲ
1720 2066 1980 2158 εἴχοντο
2004 2050 2463 2164 Ἐπιδαυρίων

95 2201 148 2248 15
183 2177 582 2253 ὀκτακόσιοι.
669 2180 855 2280 παρὰ
908 2182 983 2254 δὲ
1033 2184 1313 2262 τούτους
1367 2180 1782 2281 Τροιζηνίων
1834 2180 2196 2255 ἐτάσσοντο
2231 2183 2462 2279 χίλιοι,

184 2294 602 2397 Τροιζηνίων
661 2297 737 2371 δὲ
796 2300 1109 2398 ἐχόμενοι
1163 2298 1616 2399 Λεπρεητέων
1677 2303 2044 2399 διηκόσιοι,
2099 2302 2353 2373 τούτων
2390 2298 2466 2371 δὲ

185 2410 604 2514 Μυκηναίων
655 2422 766 2490 καὶ
808 2415 1173 2517 Τιρυνθίων
1219 2422 1663 2518 τετρακόσιοι,
1723 2421 2007 2491 τούτων·
2034 2416 2108 2489 δὲ
2151 2419 2465 2517 ἐχόμενοι

185 2532 490 2609 Φλιάσιοι
525 2536 756 2633 χίλιοι.
816 2534 1000 2635 παρὰ
1030 2535 1103 2609 δὲ
1127 2539 1407 2619 τούτους
1443 2537 1742 2636 ἔστησαν
1761 2524 2164 2637 Ἑρμιονέες
2188 2541 2464 2637 τριηκό-

185 2680 329 2727 σιοι.
377 2641 807 2753 (Ερμιονέων
848 2654 924 2727 δὲ
961 2655 1278 2752 ἐχόμενοι
1316 2648 2007 2756 ἴσταντοἘρετριέων
2043 2682 2117 2730 τε
2154 2659 2265 2729 καὶ
2291 2656 2464 2730 Στυ-

98 2794 155 2845 20
190 2773 351 2868 ρέων
395 2774 756 2861 ἑξακόσιοι,
806 2775 1062 2847 τούτων
1105 2774 1180 2869 δὲ
1213 2773 1587 2855 Χαλκιδέες
1621 2780 2057 2874 τετρακόσιοι,
2095 2778 2349 2849 τούτων
2387 2774 2464 2847 δὲ

179 2880 749 2988 Ἀμπρακιητέων
823 2896 1263 2967 πεντακόσιοι.
1379 2892 1545 2987 μετὰ
1607 2892 1680 2964 δὲ
1740 2896 2017 2973 τούτους
2068 2892 2459 2966 Λευκαδίων

188 3011 292 3079 καὶ
335 2997 802 3107 Ἀνακτορίων
858 3011 1234 3084 ὀκτακόσιοι
1301 3012 1636 3111 ἔστησαν,
1705 3014 1957 3083 τούτων
2008 3010 2083 3083 δὲ
2145 3010 2459 3108 ἐχόμενοι
2558 3080 2563 3087 .

192 3124 449 3207 Παλέες
484 3131 548 3199 οἱ
582 3128 658 3200 ἐκ
694 3126 1184 3228 Κεφαλληνίης
1223 3131 1577 3229 διηκόσιοι.
1652 3129 1823 3223 μετὰ
1856 3128 1934 3202 δὲ
1960 3132 2239 3211 τούτους
2264 3126 2458 3228 Αἰγι-

189 3246 444 3342 νητέων
479 3250 905 3320 πεντακόσιοι
955 3246 1367 3346 ἐτάχθησαν.
1449 3250 1633 3347 παρὰ
1670 3247 1747 3320 δὲ
1781 3250 2061 3329 τούτους
2094 3247 2458 3323 ἐτάσσοντο

104 3384 159 3435 25
194 3357 556 3463 Μεγαρέων
583 3365 954 3462 τρισχίλιοι.
1007 3367 1272 3462 εἴχοντο
1302 3367 1376 3439 δὲ
1403 3369 1659 3439 τούτων
1699 3365 2073 3450 Πλαταιέες
2100 3367 2455 3448 ἑξακόσιοι.

481 3597 754 3670 Ἑλλήνων
778 3599 995 3673 ἀριθμὸς
1018 3601 1105 3655 καὶ
1127 3601 1264 3662 τάξις

288 3856 331 3907 1.
373 3855 780 3928 ὑπερεβάλλοντο
806 3860 866 3912 bz
922 3861 944 3924 ΙΙ
1001 3862 1050 3911 3.
1091 3865 1252 3913 ταῦτα
1275 3877 1380 3912 om.
1413 3851 1481 3913 P‘
1539 3864 1562 3927 ΙΙ
1626 3860 2063 3933 ἐπιφοιτῶντέςῙι
2119 3866 2141 3928 ΙΙ
2199 3867 2248 3916 4.
2291 3864 2393 3987 dp}
2431 3888 2460 3919 ν

194 3920 445 3984 ἐθέλοντες
467 3929 541 3989 B,
569 3925 744 3997 ἄρχειν
772 3926 1036 3986 ἐθέλοντες
1060 3930 1118 3982 bz
1164 3931 1188 3994 n
1248 3932 1294 3981 5.
1336 3929 1559 3983 τουτέων
1583 3946 1611 3981 z
1667 3932 1689 3995 ΙΙ
1751 3933 1800 3983 6.
1843 3929 2066 3983 εἱλώτων
2099 3931 2160 3995 0,
2204 3932 2358 3987 εἰλωτ
2386 3955 2459 3988 ων

196 3990 270 4043 122
324 3996 345 4058 ΙΙ
402 3995 451 4046 8.
494 3995 606 4047 δέο
649 4013 715 4047 ισι
743 3995 810 4057 0,
860 3994 1056 4065 δέσφιν
1077 3996 1185 4060 Rb,
1226 3997 1284 4050 δέ
1380 3998 1615 4070 treliqui
1672 4003 1695 4065 ΙΙ
1754 4001 1802 4050 9.
1842 3998 2119 4052 τουτέωνε
2176 4003 2201 4066 ΙΙ
2256 4000 2396 4056 δὲΒ

196 4058 348 4114 ἔσανε
405 4066 426 4128 ΙΙ
491 4066 572 4116 11.
646 4064 672 4116 ἐ
708 4081 844 4136 σφισι
862 4066 1068 4130 ABO=‚
1098 4065 1293 4138 δέοφιν
1425 4070 1447 4133 ΙΙ
1499 4069 1579 4120 12.
1619 4067 1892 4121 τουτέωνκ
1937 4070 1961 4133 ΙΙ
2005 4069 2085 4120 13.
2125 4071 2397 4124 τουτίωνε

198 4129 269 4177 14.
303 4132 520 4185 τουτέων
544 4149 572 4184 z
618 4136 640 4199 ΙΙ
689 4131 743 4184 δ’
766 4132 823 4185 R
867 4136 890 4197 ΙΙ
942 4135 1020 4186 15.
1053 4133 1109 4186 δὲ
1135 4151 1243 4188 om.
1274 4127 1347 4189 1³³
1393 4139 1415 4201 ΙΙ
1467 4138 1549 4188 15.
1587 4137 1797 4195 τούτους
1822 4137 1945 4188 -18
1969 4153 2041 4189 πα
2074 4137 2108 4188 ὰ
2132 4135 2190 4189 δὲ
2213 4154 2323 4191 om.
2351 4139 2410 4192 R

199 4196 268 4246 16.
305 4196 654 4270 Λεπραιετέων
679 4209 735 4254 et
756 4202 977 4254 τουτέων
1001 4219 1028 4253 z
1075 4206 1098 4268 ΙΙ
1150 4205 1227 4254 17.
1258 4204 1480 4257 τουτέων
1505 4223 1534 4258 z
1592 4208 1615 4271 11
1678 4206 1759 4258 18.
1789 4204 1816 4257 ἔ
1914 4221 2004 4257 σαν
2103 4204 2362 4277 :bomem
2383 4212 2453 4272 A,

197 4260 394 4335 ἔπηοαν
426 4268 518 4333 Cb,
549 4270 763 4323 ἔστασαν
790 4269 869 4335 Ρ,
908 4268 1118 4323 ἔστασαν
1143 4270 1226 4321 Rz
1281 4274 1302 4337 ΙΙ
1367 4274 1446 4325 19.
1485 4291 1541 4326 τε
1567 4290 1674 4326 om.
1704 4272 1761 4325 R
1812 4277 1835 4339 u
1917 4275 1965 4325 0.
2005 4272 2200 4328 τούτων
2224 4304 2255 4317 ·-
2277 4292 2461 4347 τετρα-

193 4332 466 4389 athanatum.
499 4339 558 4391 R
604 4340 626 4402 ΙΙ
670 4338 891 4392 τουτέων
916 4355 943 4390 z
1001 4341 1024 4404 11
1083 4339 1156 4405 δὲ]
1188 4339 1244 4391 δὲ
1270 4340 1508 4412 ἅχόμενοι
1533 4341 1735 4395 ἵσταντο
1758 4344 1818 4404 b,
1856 4342 1911 4394 δὲ
1936 4341 2030 4413 ἐχό
2126 4359 2224 4397 οιι
2268 4346 2291 4409 ΙΙ
2336 4363 2462 4398 του-

193 4400 312 4454 τέων
333 4419 359 4456 ι
403 4407 426 4471 fl
477 4406 560 4458 21.
601 4405 1006 4477 ἀμπρακιωτέων
1034 4408 1091 4461 R
1137 4410 1159 4472 ΙΙ
1217 4409 1299 4460 22.
1343 4411 1558 4480 ἐστησαν
1582 4412 1727 4476 ΑΒ,
1757 4410 1973 4481 ἔστησαν
2004 4361 2124 4475 δῖ,
2150 4412 2363 4467 ἔστασαν
2389 4414 2458 4480 P,

195 4465 491 4527 ἔοτασανΒι
536 4477 560 4541 ΙΙ
605 4474 828 4528 τουτέων
853 4493 880 4528 2
926 4477 949 4541 ΙΙ
996 4475 1080 4528 24.
1122 4477 1631 4547 πεντηκόσιοιΑΒΟ
1668 4482 1691 4545 ΙΙ
1742 4482 1825 4532 25.
1866 4477 2089 4533 τουτέων
2112 4498 2140 4534 z
