3059 5125
1179 365 1467 422 Praefatio.
2277 383 2471 429 xxvn

204 541 548 614 mediocri
582 541 768 614 haec
804 550 1022 615 sunto
1057 566 1189 636 pro
1224 540 1608 636 exemplis.
1716 537 1779 616 B
1819 543 1864 614 8
1901 539 2213 640 πέτρινον
2255 536 2477 634 τείνει]

204 669 584 769 ὑπερτείνει,
644 668 698 743 Γ
737 670 836 743 34
873 668 1170 765 τελέσαι]
1211 668 1509 753 καλέσαι,
1576 670 1672 744 99
1722 669 1796 751 ἐς
1844 668 1919 742 δὲ
1968 669 2206 740 τούτου
2256 664 2479 764 λόγον]

203 797 275 870 ἐκ
309 796 385 870 δὲ
419 800 662 872 τούτου
701 803 825 871 τοῦ
876 797 1101 898 λόγου.
1195 801 1451 876 insunt
1493 807 1875 894 praeterea
1921 798 2004 872 in
2051 798 2195 870 hoc
2237 795 2485 870 codice

204 926 485 1024 aliquot
548 928 940 1004 varietates
999 937 1167 1024 post
1230 928 1524 1004 additae
1584 951 1814 1001 manu
1860 926 2255 1004 recentiori
2302 924 2480 1021 (0²),

204 1081 385 1151 quae
426 1054 585 1132 fere
638 1083 727 1131 eo
773 1057 1172 1134 translatae
1226 1068 1402 1132 sunt
1435 1084 1482 1130 a
1514 1058 1615 1145 R,
1649 1067 1737 1134 ut
1774 1056 2223 1155 λειποψυχίης
2257 1049 2317 1128 Α
2355 1056 2481 1141 86,

203 1184 424 1259 ἐδόκεε
461 1186 542 1257 δέ
577 1196 656 1261 et
691 1185 1115 1280 ἑπταστόμου
1150 1182 1215 1258 Β
1258 1188 1374 1261 10.

396 1315 596 1390 Nam
649 1323 940 1411 praeter
987 1325 1472 1392 correctorem
1519 1317 1586 1388 0
1622 1315 1881 1392 extitit
1926 1313 2111 1390 alter
2156 1315 2481 1410 quidam,

204 1469 416 1540 quem
442 1445 611 1520 dico
628 1445 728 1532 R,
756 1453 997 1520 aetate
1031 1443 1152 1519 illi
1187 1446 1391 1520 haud
1424 1445 1774 1533 multum,
1813 1445 2116 1541 ingenio
2150 1454 2227 1517 et
2256 1445 2483 1518 auda-

201 1574 312 1648 cia
342 1573 568 1671 longe
605 1574 873 1669 dispar.
978 1574 1194 1648 cuius
1241 1576 1663 1662 auctoritas,
1710 1575 1773 1648 si
1822 1575 2039 1650 modo
2089 1574 2483 1650 auctoritas

203 1704 506 1778 dicenda
539 1713 657 1778 est
692 1729 882 1800 quae
917 1705 1349 1778 credebatur
1382 1704 1771 1800 integritas
1806 1727 1963 1778 esse
2014 1728 2099 1776 ac
2132 1712 2481 1789 vetustas,

203 1842 274 1906 et
305 1832 458 1908 illis
494 1832 814 1907 saeculis
850 1832 1256 1929 plurimum
1304 1842 1380 1909 et
1414 1834 1558 1908 hac
1594 1842 1834 1907 aetate
1878 1834 2079 1927 apud
2122 1856 2247 1906 eos
2283 1832 2482 1927 ipsos

205 1961 433 2036 valuit
467 1963 746 2058 quibus
783 1970 1120 2058 suspecta
1152 1987 1310 2039 esse
1346 1963 1744 2058 coepisset3
1799 1986 2245 2058 quamquam
2280 1962 2482 2035 haud

205 2117 431 2186 pauca
463 2093 539 2166 ei
576 2092 1138 2187 imputabantur
1163 2118 1352 2189 quae
1387 2094 1551 2188 ipse
1576 2116 1729 2168 non
1755 2091 2255 2168 commisisset.
2309 2115 2481 2166 nam

205 2221 288 2295 de
311 2224 562 2296 codice
589 2222 668 2295 R
694 2246 928 2318 eoque
951 2246 1223 2318 genere
1249 2220 1621 2319 frequenti
1652 2222 2010 2310 codicum,
2041 2222 2251 2295 cuius
2283 2244 2483 2296 nunc

205 2349 386 2424 illud
439 2351 876 2447 exemplum
926 2352 1504 2426 vetustissimum
1563 2360 1786 2447 atque
1822 2352 2190 2446 optimum
2224 2375 2482 2447 super-

207 2504 352 2556 esse
394 2480 696 2558 videtur
744 2505 882 2558 nec
926 2491 1175 2556 tamen
1213 2505 1344 2578 per
1377 2505 1459 2556 se
1496 2482 1740 2577 ipsum
1775 2490 1908 2556 aut
1940 2489 2317 2556 vetustum
2353 2489 2484 2558 aut

206 2614 674 2687 emendatum
694 2666 715 2698 ‚
799 2635 990 2708 quae
1063 2612 1213 2687 iam
1300 2613 1710 2687 enarranda
1779 2612 2020 2685 habeo
2086 2610 2326 2685 multa
2399 2635 2484 2685 ac

206 2741 422 2828 varia,
448 2742 901 2816 minuendae
933 2754 1109 2815 sunt
1143 2766 1230 2815 ac
1257 2766 1493 2836 paene
1520 2740 1992 2836 perimendae
2022 2765 2213 2837 quae
2240 2741 2482 2814 adhuc

207 2871 290 2943 de
336 2871 497 2945 eius
538 2871 992 2965 praestantia
1021 2870 1352 2945 obtinuit
1386 2871 1784 2966 opinionis.
1876 2871 2223 2966 quodque
2273 2878 2482 2943 ante-

209 2998 339 3071 hac
371 3024 542 3073 cum
578 2998 952 3095 plerisque
987 3000 1330 3073 omnibus
1363 2998 1705 3075 laudator
1739 3000 1898 3075 eius
1924 2996 2037 3073 fui
2063 3000 2481 3094 specieique

208 3128 546 3223 deceptus
582 3127 966 3203 blanditiis
1013 3128 1414 3222 permultas
1447 3138 1644 3204 ratas
1679 3153 1835 3204 esse
1871 3129 2074 3203 volui
2101 3127 2482 3217 lectiones,

212 3280 381 3350 quas
428 3282 635 3331 nunc
683 3280 854 3330 cum
902 3257 1248 3353 plurimis
1298 3257 1467 3333 aliis
1531 3260 1629 3333 ab
1678 3258 2084 3335 editoribus
2145 3258 2480 3335 certatim

212 3387 693 3482 comprobatis
730 3385 1018 3482 expuli,
1051 3388 1421 3461 videretur
1457 3411 1635 3462 saue
1672 3410 1831 3462 esse
1864 3389 2065 3483 quod
2100 3389 2480 3461 erubesce-

211 3537 388 3589 rem:
443 3516 593 3589 nisi
637 3515 1145 3591 excusabilem
1198 3517 1595 3591 arbitrarer
1644 3525 1889 3593 vetere
1938 3517 2285 3593 instituto
2322 3515 2481 3591 cul-

211 3666 370 3736 pam
430 3646 591 3721 eius
610 3702 626 3729 ‚
712 3645 844 3741 qui
911 3654 989 3721 et
1049 3645 1409 3721 indicium
1469 3647 1666 3721 ultro
1727 3649 2189 3742 profiteretur
2257 3655 2334 3723 et
2392 3672 2482 3723 ea

216 3772 494 3850 afferret
541 3775 620 3848 in
673 3774 1036 3849 iudicium
1069 3775 1375 3870 primus,
1428 3778 1626 3851 unde
1674 3774 1901 3871 plane
1950 3775 2353 3872 aliquando
2403 3787 2479 3851 et

215 3903 540 3998 cognosci
575 3928 797 3977 causa
827 3914 906 3979 et
938 3904 1250 3978 iudicari
1286 3914 1552 4003 posset.

406 4033 661 4107 Habet
682 4042 931 4108 autem
954 4033 1148 4108 illud
1171 4058 1406 4130 genus
1431 4033 1763 4109 codicum
1797 4036 1939 4130 (Q),
1974 4036 2055 4109 in
2087 4060 2233 4131 quo
2268 4060 2479 4131 prae-

220 4167 321 4233 ter
339 4161 413 4233 R
433 4172 512 4236 et
536 4163 688 4238 brev
723 4171 900 4237 sunt
929 4172 1006 4237 et
1032 4163 1193 4237 eius
1223 4188 1445 4258 quem
1475 4165 1789 4238 dicimus
1811 4163 1864 4237 d
1882 4189 2051 4260 pars
2080 4166 2304 4260 prior,
2336 4165 2479 4240 hoc

221 4288 350 4362 sibi
377 4302 667 4386 praeter
693 4300 972 4366 ceteros
999 4293 1379 4388 proprium
1408 4302 1484 4367 et
1509 4302 1891 4390 tamquam
1921 4304 2169 4368 notam
2202 4296 2478 4391 stirpis,

223 4421 407 4512 quod
447 4419 720 4495 librum
769 4422 1090 4517 primum
1140 4423 1452 4496 exhibet
1512 4422 1998 4497 multifariam
2048 4423 2477 4499 mutilatum

223 4546 328 4620 vel
355 4550 588 4625 dicam
613 4552 1096 4656 decurtatum,
1125 4576 1278 4627 non
1304 4549 1588 4629 infelici
1616 4553 1869 4651 aliquo
1896 4579 2093 4645 casu,
2124 4558 2254 4631 sed
2279 4565 2476 4630 certo
