3059 5125
1180 331 1475 389 Praefatio.
2341 350 2478 397 va

402 512 863 585 Pronominis
930 510 1176 593 ἐκεῖνος
1239 508 1549 583 formam
1596 507 2032 605 bisyllabam
2084 509 2301 588 κεῖνος
2357 507 2477 579 Ιο-

219 668 382 715 num
414 651 746 743 constare
781 666 923 715 usu
959 642 1167 716 testis
1204 649 1316 714 est
1348 638 1792 736 Apollonius
1829 640 1919 713 de
1956 662 2166 734 pron.
2198 662 2272 733 p.
2302 636 2472 710 333.

217 773 409 847 cuius
442 772 882 847 auctoritate
931 772 994 845 si
1040 772 1372 844 animum
1421 771 1808 844 induceres
1855 769 2064 842 abuti
2101 769 2194 840 ad
2229 790 2479 841 emen-

215 904 512 976 dandam
562 901 926 976 Herodoti
985 902 1394 974 orationem
1407 956 1427 987 ‚
1492 910 1570 975 et
1615 898 1727 972 illi
1788 898 2065 972 faceres
2129 896 2479 971 iniuriam

214 1057 347 1104 non
377 1034 686 1105 habenti
720 1035 923 1105 hunc
957 1056 1267 1126 usquam
1301 1031 1385 1103 in
1419 1031 1840 1103 auctoribus
1884 1028 2183 1101 ionismi
2235 1024 2347 1123 (cf.
2388 1028 2478 1099 de

209 1186 401 1257 pron.
440 1187 512 1257 p.
558 1161 772 1259 378),
838 1170 915 1234 et
961 1161 1169 1233 brevi
1220 1161 1607 1234 absisteres
1656 1160 1956 1233 infinita
1997 1156 2477 1252 expungendi

209 1292 627 1366 necessitate
689 1292 1099 1365 deterritus.
1224 1291 1450 1362 immo
1503 1314 1676 1363 vero
1733 1290 1995 1385 ingens
2059 1284 2479 1384 trisyllabae

208 1419 467 1494 formae
516 1420 941 1517 frequentia
984 1420 1454 1493 Dindorfimn
1503 1419 2097 1514 Bredoviumque
2162 1418 2244 1489 in
2305 1440 2479 1488 con-

208 1553 497 1625 trarium
549 1549 823 1625 detulit
870 1574 1182 1624 errorem
1202 1605 1221 1636 ‚
1274 1559 1360 1621 ut
1407 1559 1675 1622 cuncta
1722 1549 1804 1621 in
1854 1549 2017 1621 eius
2062 1547 2480 1642 redigerent

210 1681 561 1754 dicionem
588 1678 1174 1777 bisyllabamque
1199 1677 1419 1775 plane
1447 1679 2041 1753 exterminarent.
2099 1673 2474 1771 similique

206 1811 472 1884 ratione
507 1808 681 1884 falsi
718 1809 946 1883 θέλειν
1003 1811 1282 1905 ubique
1328 1806 1624 1882 voluere
1675 1806 1912 1881 solum
1954 1815 2263 1894 vertere,
2314 1830 2480 1900 spe·-

205 1951 438 2014 rantes
474 1939 784 2024 scilicet,
823 1941 1019 2034 quod
1051 1939 1240 2011 ratio
1287 1937 1579 2013 iuberet
1626 1939 1772 2011 fide
1818 1936 2174 2010 librorum
2223 1945 2481 2031 postea

203 2080 430 2142 ratum
462 2067 644 2142 fore.
737 2070 865 2141 sed
899 2093 1154 2142 eorum
1189 2050 1585 2140 admodum
1620 2069 1895 2163 exigua
1925 2067 2007 2139 in
2040 2067 2162 2138 his
2198 2066 2478 2137 dissen-

205 2201 304 2271 sio
336 2209 468 2286 est,
508 2209 622 2286 ut,
654 2200 718 2270 si
757 2199 938 2293 quid
974 2200 1349 2272 turbatum
1383 2207 1517 2285 est,
1549 2198 1790 2292 prisca
1824 2206 2063 2271 aetate
2099 2196 2476 2268 turbatum

205 2353 348 2400 esse
375 2353 684 2402 necesse
713 2328 829 2401 sit.
897 2352 1212 2401 errorem
1242 2336 1491 2401 autem
1522 2332 1720 2426 quod
1750 2327 1935 2413 dixi,
1967 2325 2147 2398 alias
2174 2327 2478 2397 demon-

205 2469 415 2532 strare
466 2461 791 2531 conabor
806 2513 825 2544 ‚
894 2459 1093 2553 quod
1140 2481 1291 2530 non
1341 2465 1585 2552 potest
1631 2456 1826 2529 intra
1874 2457 2093 2530 breve
2157 2454 2476 2550 spatium

204 2587 494 2677 absolvi,
519 2614 679 2662 non
702 2590 921 2661 modo
945 2597 1290 2683 utrasque
1314 2585 1582 2660 formas
1610 2611 1656 2659 a
1680 2586 1753 2659 vi
1777 2610 1935 2659 esse
1959 2585 2477 2682 prohibendae,

203 2722 322 2791 sed
388 2721 719 2794 eminere
781 2742 934 2790 non
997 2721 1382 2791 obscuram
1446 2717 1508 2789 si
1559 2717 1802 2789 minus
1864 2717 2141 2812 ubique
2201 2724 2278 2786 at
2326 2739 2478 2787 non

200 2850 440 2943 paucis
465 2848 654 2922 locis
688 2872 866 2920 usus
903 2872 1305 2943 sensusque
1343 2846 1863 2920 diversitatem.
1926 2871 2021 2918 an
2059 2845 2475 2942 quisquam,

202 2989 278 3051 ut
315 2980 456 3053 hoc
506 2976 874 3074 proferam
890 3032 909 3064 ‚
975 3002 1151 3049 casu
1211 2973 1490 3049 factum
1542 2976 2005 3050 existimabit
2023 3031 2042 3063 ‚
2107 2977 2303 3070 quod
2365 2974 2478 3047 bi·-

202 3106 470 3205 syllaba
503 3132 745 3204 paene
793 3116 1250 3180 constantem
1294 3106 1522 3179 habet
1574 3107 1820 3179 sedem
1870 3106 1951 3177 in
2000 3104 2231 3177 huius
2274 3104 2475 3175 modi

199 3238 537 3312 membris
574 3236 963 3310 orationis:
1054 3239 1129 3309 A
1168 3237 1263 3309 78
1313 3234 1608 3331 μαθοῦσι
1641 3274 1747 3291 —·-
1779 3236 1856 3306 τὸ
1891 3232 2081 3307 θέλει
2117 3224 2471 3332 σημαίνειν

200 3369 271 3438 τὸ
305 3368 540 3467 τέρας,
608 3363 663 3437 Γ
701 3368 799 3440 65
847 3363 1285 3439 ἐντέλλεσθαι
1332 3363 1416 3437 τὰ
1463 3363 1653 3437 θέλω
1692 3389 1806 3459 μοι
1854 3361 2203 3460 γενέσθαι,
2287 3359 2339 3433 Ζ
2377 3362 2472 3434 37

200 3494 654 3591 πλανωμένων
691 3536 782 3550 --
816 3497 894 3567 τὸ
928 3493 1117 3567 θέλει
1148 3496 1225 3566 τὸ
1264 3492 1430 3575 ἔπος
1466 3490 1653 3577 εἶναι,
1710 3489 1774 3564 Η
1806 3494 1851 3566 8
1889 3491 1959 3566 ἐν
1994 3494 2163 3563 πᾶσι
2194 3490 2353 3589 εἴπῃ
2391 3487 2478 3561 τὰ

201 3622 397 3708 θέλει,
440 3625 540 3698 37
567 3624 1008 3723 εἴρετο-τὸ
1040 3622 1229 3696 θέλει
1261 3627 1652 3722 προφαίνειν
1690 3624 1769 3694 τὸ
1805 3620 2067 3719 φάσμα,
2114 3621 2252 3692 101
2291 3619 2474 3692 ἐπεί-

206 3752 426 3851 ρεσθαι
458 3751 545 3825 τὰ
581 3751 787 3824 θέλω.
856 3762 986 3825 aut
1020 3752 1418 3838 dubitabit,
1447 3751 1746 3847 optione
1772 3774 1904 3845 per
1939 3751 2223 3823 codices
2255 3747 2474 3836 sacta,

203 3884 498 3956 eandem
537 3883 731 3957 tueri
767 3879 821 3953 Δ
866 3883 1002 3955 131
1049 3887 1300 3979 γνῶναι
1333 3882 1410 3952 τὸ
1445 3878 1632 3953 θέλει
1668 3879 1754 3953 τὰ
1788 3880 1975 3977 δῶρα
2011 3878 2248 3976 λέγειν,
2291 3873 2351 3948 Ε
2376 3879 2472 3950 80

203 4013 482 4085 συνιέναι
550 4014 632 4083 τὸ
687 4009 876 4084 θέλει
937 4010 1177 4108 λέγειν.
1303 4034 1477 4083 nam
1542 4011 1739 4104 quod
1801 4032 2036 4081 unum
2096 4015 2477 4102 praeterea

204 4142 431 4215 obniti
489 4142 786 4215 videtur
845 4137 1271 4235 exemplum
1337 4138 1417 4211 Η
1474 4139 1617 4212 162
1680 4136 1873 4217 οὗτος
1925 4135 2001 4209 δὲ
2060 4136 2095 4207 ὁ
2152 4138 2306 4217 νόος
2352 4140 2472 4206 τοῦ

206 4268 494 4367 ῥήματος
548 4273 628 4343 τὸ
685 4269 908 4343 ἐθέλει
971 4269 1186 4366 λέγειν
1209 4326 1224 4353 ,
1297 4265 1690 4340 manifesto
1735 4267 1883 4340 tria
1930 4263 2195 4338 ultima
2254 4266 2477 4337 verba

207 4401 446 4492 spuria
491 4409 690 4472 sunt.
795 4407 1019 4495 atque
1069 4397 1187 4471 his
1235 4399 1521 4470 duobus
1572 4393 1944 4470 vocabulis
2003 4394 2251 4468 statim
2303 4395 2475 4466 sub—

207 4540 482 4601 nectam
531 4530 831 4602 tertium
882 4552 1032 4600 non
1094 4552 1365 4623 genere
1418 4525 1673 4612 affine,
1741 4527 1870 4598 sed
1924 4525 2100 4620 quia
2158 4522 2473 4596 similem
