3059 5125
392 215 457 249 fl

2327 330 2455 393 445

141 493 372 557 ticula
414 493 610 558 lexici
653 495 808 559 inde
839 496 922 558 ab
965 495 1156 559 initio
1187 517 1393 580 usque
1437 497 1520 561 ad
1549 497 1719 561 hanc
1749 499 2182 562 notationem:
2235 501 2459 586 διφρο-

146 606 604 692 φορευμένους.
682 607 946 694 φορείοις
989 608 1379 695 φερομένους.
1470 608 1757 692 reliqua,
1828 631 1995 693 quae
2040 610 2315 674 alterum
2360 610 2462 674 fo-

147 716 337 780 lium
387 728 599 782 totum
646 719 1070 803 complevisse
1114 719 1324 784 facilis
1382 730 1481 784 est
1539 721 1942 801 coniectura,
2003 744 2153 786 cum
2199 743 2275 786 eo
2320 723 2462 807 ipso

147 829 531 912 perierunt.
625 853 747 895 nec
804 853 955 896 vero
1015 831 1232 916 ipsum
1276 831 1442 895 illud
1496 832 1892 918 principium
1948 834 2278 918 integrum
2323 843 2453 898 est:

147 942 369 1005 adeso
415 941 593 1006 enim
650 943 1014 1027 detritoque
1069 945 1482 1009 membranae
1539 945 1832 1028 margine
1889 956 1954 1009 et
2012 946 2455 1031 praescriptio,

149 1054 212 1117 si
266 1054 468 1116 modo
513 1054 649 1118 ulla
691 1053 821 1118 fuit
835 1103 857 1134 ,
920 1067 986 1120 et
1040 1056 1249 1140 prima
1304 1056 1536 1119 vocula
1591 1052 1779 1143 ἀνέλῃ
1839 1058 2219 1142 absumptae
2278 1067 2456 1136 sunt,

150 1186 292 1228 nec
351 1165 605 1249 reliqua
660 1167 976 1252 scriptura
1031 1178 1293 1253 propter
1361 1168 1673 1252 pallorem
1731 1170 2074 1234 atramenti
2133 1170 2459 1254 situmque

152 1276 434 1341 chartae
480 1278 635 1341 satis
683 1278 929 1363 ubique
983 1279 1268 1364 adparet.
1361 1280 1612 1364 primus
1666 1280 1865 1344 huius
1922 1282 2003 1344 ab
2061 1281 2460 1345 editionibus

153 1389 606 1453 differentiam
648 1390 948 1455 lectionis
993 1391 1333 1476 exscripsit
1369 1391 1943 1476 Schweighaeuser
1987 1393 2461 1477 explicavitque

155 1501 496 1565 Herodoti
541 1512 696 1566 tom.
748 1503 883 1581 VI,
935 1510 971 1566 2
1018 1525 1085 1587 p.
1138 1509 1258 1566 338
1306 1524 1443 1586 sq.,
1503 1516 1653 1587 post
1710 1526 1904 1588 quem
1949 1515 2015 1570 et
2056 1504 2198 1589 ipsc
2243 1506 2459 1568 denuo

154 1613 441 1676 tractavi
487 1625 552 1677 et
593 1635 802 1698 pauca
844 1616 1160 1698 quaedam
1204 1616 1390 1679 aliter
1432 1637 1502 1679 se
1547 1616 1783 1679 habere
1814 1616 2067 1701 repperi
2111 1629 2307 1701 atque
2350 1617 2461 1681 ille

156 1725 583 1789 narravisset.

347 1838 574 1901 Huius
620 1859 788 1922 quae
817 1860 996 1902 nuuc
1027 1838 1249 1903 deficit
1291 1837 1571 1923 plurima
1601 1861 1749 1923 pars
1794 1849 1870 1904 ut
1898 1863 2032 1905 non
2068 1863 2461 1926 magnopere

155 1949 573 2014 desideretur
616 1948 774 2014 facit

347 2084 410 2142 2.
483 2099 549 2142 m
610 2080 1023 2144 Monacensis
1080 2100 1176 2163 gr.
1232 2086 1351 2143 529
1370 2128 1391 2156 ,
1461 2101 1894 2166 papyraceus,
1966 2082 2205 2147 saeculi
2265 2083 2454 2160 XIV,

157 2190 468 2254 diversae
525 2190 816 2275 plurium
873 2192 1257 2276 scripturae,
1317 2192 1430 2274 qui
1483 2202 1735 2275 praeter
1790 2195 1997 2258 multa
2050 2194 2208 2258 varii
2254 2217 2458 2278 argu-

156 2302 419 2376 menti,
482 2304 564 2367 de
619 2303 860 2388 quibus
904 2304 1119 2368 Hardt
1177 2302 1363 2367 catal.
1414 2303 1544 2368 vol.
1596 2304 1657 2367 V
1698 2326 1764 2388 p.
1820 2311 2181 2371 318—329
2203 2355 2224 2386 ‚
2284 2305 2460 2370 foliis
2516 2373 2519 2378 ,

156 2415 434 2479 duobus
480 2427 545 2479 et
587 2416 858 2481 dimidio
913 2416 1113 2501 (llor.
1147 2453 1230 2464 —
1266 2416 1465 2499 ll2r.)
1534 2416 1650 2479 has
1703 2417 1890 2490 λέξεις
1934 2418 2257 2502 pernitide
2302 2419 2459 2483 scri-

155 2538 314 2614 ptas
361 2527 654 2592 continet
709 2527 1173 2613 aliquantoque
1233 2527 1630 2593 editionibus
1688 2529 2067 2614 ceterisque·
2104 2541 2356 2618 praeter
2401 2533 2468 2601 Ο

158 2639 509 2705 codicibus
553 2650 620 2705 et
663 2641 987 2725 pleniores
1045 2650 1110 2705 et
1152 2642 1655 2720 emendatiores,
1717 2642 1878 2706 adeo
1924 2654 1999 2707 ut
2043 2643 2218 2708 haud
2262 2645 2461 2709 dubie

156 2753 248 2817 ad
295 2752 502 2817 huius
545 2753 679 2817 fere
725 2753 1097 2838 exemplum
1153 2753 1435 2818 edendas
1493 2754 1876 2819 censuerim.
1971 2755 2157 2819 cuius
2203 2767 2278 2819 ut
2319 2756 2463 2820 adi-

160 2876 315 2929 tum
362 2865 527 2928 mihi
558 2887 882 2949 usumque
927 2865 1202 2951 aperiret
1230 2887 1377 2929 cum
1410 2888 1735 2950 rogassem
1766 2866 2062 2930 Carolum
2093 2868 2458 2946 Halmium,

159 3002 231 3042 v.
286 2976 373 3040 cl.
397 3025 418 3054 ,
478 2977 910 3042 bibliothecae
968 2978 1380 3043 Monacensis
1435 2966 1834 3063 praefectum
1850 3027 1871 3057 ‚
1931 2979 2110 3043 misit
2155 2980 2266 3043 ille
2311 2980 2461 3044 offi-

159 3090 534 3157 ciosissime
591 3089 1169 3174 liberalissimeque
1226 3091 1443 3175 ipsum
1507 3090 1804 3154 libellum
1873 3091 2364 3175 transscriptum
2427 3115 2462 3156 c

161 3204 397 3267 codice
443 3223 481 3265 a
526 3201 765 3266 iuvene
810 3201 998 3266 docto
1043 3202 1310 3287 speique
1354 3202 1636 3287 optimae
1673 3202 2101 3267 Laubmanno
2146 3213 2278 3267 tam
2323 3205 2461 3267 sin-

156 3313 389 3401 gulari
445 3335 599 3378 cura
657 3336 733 3378 ae
789 3315 918 3378 fide
976 3323 1320 3399 tantaque,
1385 3314 1501 3377 ubi
1556 3313 1749 3379 lectio
1803 3324 2065 3399 propter
2121 3316 2460 3380 evanidam

157 3428 560 3512 scripturam
619 3426 953 3491 obscurior
1007 3426 1114 3491 vel
1168 3425 1539 3511 impeditior
1584 3437 1790 3504 esset,
1852 3426 2168 3510 religione
2213 3439 2278 3492 et
2321 3427 2460 3492 sol-

155 3539 360 3605 lertia
378 3587 400 3617 ‚
449 3547 525 3601 ut
568 3538 699 3603 iam
742 3559 1003 3623 prorsus
1047 3538 1210 3602 mihi
1255 3539 1458 3603 instar
1501 3538 1741 3602 codicis
1786 3538 2005 3603 fuerit.
2099 3540 2181 3603 dc
2222 3562 2461 3624 genere

158 3651 502 3718 scribendi
547 3650 713 3714 illud
757 3651 1176 3715 memorabile
1195 3699 1215 3728 ‚
1265 3651 1475 3735 quod,
1523 3671 1672 3713 cum
1718 3650 1965 3735 primae
1995 3672 2292 3737 quaeque
2323 3653 2461 3715 sin-

158 3765 479 3850 gularum
534 3763 946 3827 notationum
1002 3761 1253 3855 litterae
1306 3771 1456 3846 post
1512 3762 1808 3826 absoluta
1863 3763 2128 3826 demum
2172 3773 2381 3828 cetera
2425 3787 2464 3828 a

155 3877 437 3940 librario
481 3876 739 3939 rubrica
782 3874 1076 3959 adpictae
1122 3875 1290 3953 sint,
1337 3875 1445 3938 hic
1487 3873 1625 3937 illic
1671 3895 1747 3939 ea
1777 3896 1877 3939 res
1924 3896 2165 3939 errores
2210 3877 2461 3960 peperit

157 3987 488 4053 leviculos
535 3987 758 4052 statim
802 3986 937 4052 fere
981 3988 1065 4050 ab
1108 3988 1334 4051 eodem
1380 3996 1717 4051 correctos.

351 4133 413 4190 3.
462 4134 490 4191 t
531 4124 959 4189 Taurinensis
1004 4123 1349 4188 CCLXXI
1386 4125 1481 4208 (B.
1513 4124 1632 4189 VI.
1679 4124 1775 4208 10)
1803 4173 1824 4202 ,
1873 4123 2079 4188 forma
2122 4125 2450 4209 quadrata.

157 4260 318 4325 pars
363 4237 540 4322 prior
593 4236 729 4321 (fol.
788 4243 915 4298 1—
937 4237 1037 4320 44)
1091 4237 1502 4300 membr-anea
1533 4236 1776 4299 saeculi
1805 4237 1972 4302 XIV
2001 4236 2104 4299 vel
2135 4238 2263 4303 XV
2292 4259 2458 4300 con-

158 4353 338 4417 tinet
397 4359 654 4434 praeter
710 4347 839 4411 alia
882 4347 1197 4431 quaedam
1259 4344 1441 4412 ῖσαάκ
1486 4352 1759 4434 μοναχοῦ
1814 4346 1951 4433 περὶ
1997 4348 2226 4434 μέτρων
2268 4373 2457 4434 ποιη-

156 4469 346 4529 τικῶν
367 4513 389 4541 ,
462 4460 763 4547 ‘semp-(tou
807 4465 1224 4546 γραμματικοῦ
1281 4464 1385 4524 τοῦ
1427 4461 1825 4545 χοιροβοσκοῦ
1870 4458 2004 4545 περὶ
2048 4466 2168 4524 τῶν
2214 4486 2457 4545 ποιητι-
