3059 5125
584 361 744 407 χῙΝῙ
1583 338 1871 395 Praefatio,

585 519 969 590 emendare
1005 543 1155 589 non
1193 519 1551 603 dubitavi,
1605 520 1713 590 ita
1759 517 2003 612 ipsum
2038 516 2396 610 impetum
2432 514 2877 610 corrigendi,

585 671 732 741 quo
777 644 950 719 olim
1001 645 1484 734 fervebamus,
1529 646 1920 733 retardavi,
1971 647 2380 741 pedemque
2428 642 2685 717 rettuli
2736 646 2874 716 ubi

583 800 733 848 uon
769 801 979 870 posse
1012 786 1208 849 recte
1252 801 1336 848 ac
1371 785 1535 849 tuto
1580 776 1875 848 consisti
1921 773 2443 870 intellegerem.
2527 776 2876 846 omnino-

584 930 728 999 que
763 905 946 976 mihi
982 930 1131 977 non
1165 905 1512 1001 opinione
1548 903 1796 999 aliqua
1845 904 2199 976 subitaria
2246 905 2374 976 sed
2416 904 2875 1000 argumentis

581 1031 829 1106 solidis
893 1035 1548 1129 experimentoque
1606 1035 1953 1107 diuturno
2002 1033 2363 1128 persuasi,
2428 1035 2873 1106 emendandi

582 1163 962 1251 rationem,
1014 1188 1203 1259 quae
1255 1165 1494 1236 adhuc
1531 1162 1833 1259 placuit,
1884 1173 2014 1236 aut
2048 1163 2267 1235 etiam
2303 1161 2599 1258 longius
2635 1164 2875 1258 porri-

581 1294 894 1388 gendam
939 1291 1318 1388 multaque
1368 1295 1801 1367 demetenda
1848 1317 2028 1380 esse,
2080 1315 2270 1387 quae
2318 1294 2649 1365 nondum
2698 1293 2875 1365 teti-

581 1422 810 1516 gisset
836 1422 1257 1494 criticorum
1287 1445 1506 1495 saeva
1522 1444 1809 1509 manuS,
1841 1430 1971 1493 aut
1998 1445 2173 1494 vero
2196 1423 2670 1494 coercendam
2701 1445 2871 1495 eam

582 1552 777 1624 intra
812 1561 1042 1624 certos
1078 1560 1420 1645 ratosque
1463 1552 1647 1623 fines
1666 1603 1685 1638 ,
1734 1550 1928 1623 ultra
1976 1574 2159 1645 quos
2208 1552 2455 1644 vagari
2506 1551 2876 1623 sineretur

582 1681 948 1774 quidquid
997 1691 1127 1753 aut
1184 1690 1440 1774 suapte
1504 1690 1767 1753 natura
1823 1703 2091 1775 vagum
2153 1703 2239 1751 ac
2298 1678 2616 1752 liberum
2678 1691 2874 1753 esset

585 1818 716 1881 aut
762 1833 912 1881 non
956 1818 1204 1915 posset
1248 1811 1406 1883 sine
1457 1809 1531 1882 vi
1584 1808 1835 1903 aliqua
1881 1810 2209 1904 astringi.
2302 1817 2523 1903 atque
2573 1810 2713 1881 hoc
2758 1808 2872 1880 al-

584 1949 822 2010 terum
857 1940 1150 2032 probari
1185 1963 1396 2033 posse
1445 1939 1701 2032 peritis
1737 1941 2208 2033 modesteque
2243 1940 2743 2012 iudicantibus
2782 1949 2871 2011 ut

585 2092 734 2139 non
771 2065 1051 2154 diffido,
1081 2069 1187 2139 ita
1218 2065 1372 2139 fore
1407 2089 1759 2162 umquam
1797 2069 1887 2141 de
1924 2069 2127 2140 omni
2161 2069 2303 2140 hoc
2337 2089 2603 2164 genere
2637 2071 2873 2141 stabi-

583 2193 729 2268 lem
767 2198 1140 2268 doctorum
1178 2198 1640 2269 concordiam
1675 2221 1825 2269 non
1863 2222 2094 2291 spero.
2160 2221 2297 2269 nec
2332 2198 2529 2270 enim
2559 2200 2874 2270 deerunt

587 2327 716 2419 qui
767 2326 1101 2421 ingenita
1136 2328 1446 2422 quadam
1485 2327 1748 2398 iudicii
1798 2328 2178 2399 atrocitate
2215 2327 2451 2398 dicam
2490 2351 2585 2397 an
2621 2325 2871 2400 illibe-

584 2454 914 2541 talitate,
975 2464 1348 2550 tamquam
1384 2453 1657 2527 Manlii
1710 2453 1823 2526 illi
1887 2464 1962 2527 et
2022 2457 2332 2550 Papirii,
2398 2455 2873 2551 impatientes

585 2587 947 2681 quidquid
983 2587 1373 2681 imperium
1407 2585 1881 2681 regulamque
1917 2588 2315 2659 detrectare
2352 2586 2592 2660 visum
2617 2584 2872 2673 fuerit,
3006 2694 3013 2703 .

585 2714 756 2787 forti
795 2740 1018 2788 manu
1052 2717 1327 2788 retrahi
1377 2725 1600 2810 atque
1636 2717 1717 2787 in
1761 2716 2090 2789 ordinem
2126 2715 2290 2811 cogi
2338 2712 2593 2803 velint,
2632 2716 2871 2789 varie-

585 2854 978 2939 tatemque,
1000 2845 1331 2939 quamvis
1357 2843 1823 2918 manifestam
1850 2868 1934 2918 ac
1960 2854 2322 2932 testatam,
2338 2868 2511 2918 casu
2539 2854 2869 2940 tempore

585 2975 995 3048 temeritate
1047 2975 1365 3070 denique
1416 2974 1533 3048 vel
1571 2975 1979 3061 oscitantia,
2031 2984 2116 3047 ut
2150 2976 2385 3062 aiunt,
2438 2976 2866 3063 scribarum,

585 3128 737 3175 non
798 3103 1175 3177 voluntate
1237 3129 1321 3176 ac
1382 3128 1610 3175 manu
1670 3104 2036 3198 scriptoris
2110 3101 2377 3177 factam
2446 3103 2863 3177 clamitent:

586 3232 864 3329 talique
902 3235 1214 3306 orationi
1251 3235 1451 3305 haud
1487 3233 1712 3306 dubie
1760 3232 2117 3328 plaudent
2162 3231 2377 3305 multi
2427 3242 2689 3305 natura
2736 3244 2869 3305 aut

589 3363 982 3458 disciplina
1029 3362 1304 3436 similes
1353 3360 1552 3435 facti.
1656 3364 1765 3436 sic
1821 3361 2021 3435 enim
2079 3371 2222 3435 est:
2292 3360 2513 3434 fortia
2572 3361 2869 3457 placent

588 3490 809 3586 vulgo
869 3517 955 3563 ac
1017 3492 1482 3587 pertinaciter
1542 3491 1679 3563 sibi
1742 3492 2155 3565 constantia
2169 3544 2188 3578 ,
2267 3493 2610 3586 quodque
2668 3502 2866 3564 recte

586 3619 928 3692 laudatur
960 3622 1039 3692 in
1076 3645 1154 3693 re
1190 3623 1510 3716 gerenda
1542 3629 1762 3716 atque
1797 3622 1879 3694 in
1912 3621 2113 3693 omni
2141 3619 2544 3693 officiorum
2573 3642 2865 3715 genere,

588 3750 784 3822 idem
821 3750 899 3821 in
936 3751 1389 3844 exquirenda
1437 3752 1741 3824 veritate
1791 3749 2215 3823 admirabile
2258 3773 2414 3823 esse
2464 3751 2863 3834 consuevit,

588 3879 853 3973 hisque
891 3880 1310 3973 praesertim
1337 3879 1417 3950 in
1442 3879 1670 3952 literis
1696 3903 1844 3951 non
1872 3882 2223 3974 probatur
2246 3888 2520 3953 temere
2548 3878 2665 3953 vel
2691 3904 2865 3975 pru-

589 4010 1002 4081 dentiorum
1062 4009 1369 4094 iudicio,
1434 4008 1577 4080 nisi
1633 4011 1827 4103 quod
1879 4034 2009 4103 per
2057 4034 2134 4082 se
2183 4010 2427 4104 ipsum
2475 4010 2869 4105 magnifioe

591 4139 906 4232 quadam
968 4137 1206 4231 specie
1267 4137 1593 4211 veritatis
1654 4139 2202 4211 commendetur
2219 4193 2239 4225 ,
2314 4138 2581 4211 veritas
2646 4160 2865 4234 saepe

590 4267 751 4360 ipsa
814 4275 898 4339 ut
950 4265 1399 4340 Cinerariola
1455 4265 1583 4338 illa
1644 4264 2135 4339 fabulatorum
2198 4276 2443 4362 spreta
2502 4266 2869 4341 delitescit

593 4406 885 4490 propter
919 4394 1278 4467 incultum
1319 4398 1685 4490 quendam
1733 4397 2075 4470 habitum
2124 4418 2265 4468 nec
2310 4397 2485 4468 satis
2521 4398 2863 4470 decorum

588 4534 718 4596 aut
766 4527 1138 4599 usitatum.
1243 4525 1494 4620 itaque
1538 4525 1839 4599 fuerunt
1888 4524 2087 4599 omni
2138 4533 2375 4600 aetate
2425 4535 2502 4599 et
2550 4524 2867 4600 vidimus
