<?xml version="1.0" encoding="UTF-8"?>
<!DOCTYPE html PUBLIC "-//W3C//DTD XHTML 1.0 Transitional//EN"
    "http://www.w3.org/TR/xhtml1/DTD/xhtml1-transitional.dtd">
<html xmlns="http://www.w3.org/1999/xhtml" xml:lang="en" lang="en">
 <head>
  <title>
</title>
<meta http-equiv="Content-Type" content="text/html;charset=utf-8" />
  <meta name='ocr-system' content='tesseract 3.04.00' />
  <meta name='ocr-capabilities' content='ocr_page ocr_carea ocr_par ocr_line ocrx_word'/>
</head>
<body>
  <div class='ocr_page' id='page_1' title='image "./herodotihistori00unkngoog_0023.png"; bbox 0 0 3059 5125; ppageno 0'>
   <div class='ocr_carea' id='block_1_1' title="bbox 1147 357 2439 431">
    <p class='ocr_par' dir='ltr' id='par_1_1' title="bbox 1147 357 2439 431">
     <span class='ocr_line' id='line_1_1' title="bbox 1147 357 2439 431; baseline 0.012 -16"><span class='ocrx_word' id='word_1_1' title='bbox 1147 357 1439 416; x_wconf 71' lang='lat' dir='ltr'>Praefatio.</span> <span class='ocrx_word' id='word_1_2' title='bbox 2294 383 2439 431; x_wconf 80' lang='lat' dir='ltr'>xvn</span> 
     </span>
    </p>
   </div>
   <div class='ocr_carea' id='block_1_2' title="bbox 185 533 2444 1287">
    <p class='ocr_par' dir='ltr' id='par_1_2' title="bbox 185 533 2440 735">
     <span class='ocr_line' id='line_1_2' title="bbox 371 533 2440 628; baseline 0.003 -22"><span class='ocrx_word' id='word_1_3' title='bbox 371 533 491 606; x_wconf 85' lang='lat'>28.</span> <span class='ocrx_word' id='word_1_4' title='bbox 566 534 969 610; x_wconf 80' lang='lat' dir='ltr'>Vaticanus</span> <span class='ocrx_word' id='word_1_5' title='bbox 1017 538 1180 620; x_wconf 83' lang='lat'>122,</span> <span class='ocrx_word' id='word_1_6' title='bbox 1236 538 1681 622; x_wconf 74' lang='lat' dir='ltr'>chartaceu8‚</span> <span class='ocrx_word' id='word_1_7' title='bbox 1736 538 1815 612; x_wconf 88' lang='lat' dir='ltr'>in</span> <span class='ocrx_word' id='word_1_8' title='bbox 1850 536 2008 628; x_wconf 64' lang='lat' dir='ltr'>fol„</span> <span class='ocrx_word' id='word_1_9' title='bbox 2058 564 2244 613; x_wconf 87' lang='lat' dir='ltr'>saec.</span> <span class='ocrx_word' id='word_1_10' title='bbox 2284 540 2440 614; x_wconf 89' lang='lat' dir='ltr'>XV</span> 
     </span>
     <span class='ocr_line' id='line_1_3' title="bbox 185 660 533 735; baseline 0.009 -3"><span class='ocrx_word' id='word_1_11' title='bbox 185 660 290 734; x_wconf 86' lang='lat' dir='ltr'>vel</span> <span class='ocrx_word' id='word_1_12' title='bbox 321 663 533 735; x_wconf 86' lang='lat' dir='ltr'><strong>XVI.</strong></span> 
     </span>
    </p>

    <p class='ocr_par' dir='ltr' id='par_1_3' title="bbox 187 794 2444 1287">
     <span class='ocr_line' id='line_1_4' title="bbox 372 794 2442 895; baseline 0.004 -30"><span class='ocrx_word' id='word_1_13' title='bbox 372 794 491 865; x_wconf 79' lang='lat'>29.</span> <span class='ocrx_word' id='word_1_14' title='bbox 550 794 953 869; x_wconf 81' lang='lat' dir='ltr'><strong>Vaticanus</strong></span> <span class='ocrx_word' id='word_1_15' title='bbox 987 797 1207 884; x_wconf 83' lang='lat'><strong>1359,</strong></span> <span class='ocrx_word' id='word_1_16' title='bbox 1236 798 1688 886; x_wconf 85' lang='lat' dir='ltr'>chartaceus,</span> <span class='ocrx_word' id='word_1_17' title='bbox 1714 799 1794 871; x_wconf 88' lang='lat' dir='ltr'>in</span> <span class='ocrx_word' id='word_1_18' title='bbox 1822 808 1961 872; x_wconf 89' lang='lat' dir='ltr'>oct.</span> <span class='ocrx_word' id='word_1_19' title='bbox 2017 799 2261 895; x_wconf 88' lang='lat' dir='ltr'>ipsum</span> <span class='ocrx_word' id='word_1_20' title='bbox 2282 801 2442 873; x_wconf 89' lang='lat' dir='ltr'>He-</span> 
     </span>
     <span class='ocr_line' id='line_1_5' title="bbox 187 923 2439 1028; baseline 0.004 -37"><span class='ocrx_word' id='word_1_21' title='bbox 187 923 502 996; x_wconf 87' lang='lat' dir='ltr'>rodotum</span> <span class='ocrx_word' id='word_1_22' title='bbox 538 927 988 1019; x_wconf 88' lang='lat' dir='ltr'>praecedunt</span> <span class='ocrx_word' id='word_1_23' title='bbox 1023 925 1373 999; x_wconf 76' lang='grc' dir='ltr'>λουκιανοῢ</span> <span class='ocrx_word' id='word_1_24' title='bbox 1409 928 1563 1026; x_wconf 73' lang='grc' dir='ltr'><strong>περὶ</strong></span> <span class='ocrx_word' id='word_1_25' title='bbox 1596 926 1927 1028; x_wconf 79' lang='grc' dir='ltr'>ἠροδότου</span> <span class='ocrx_word' id='word_1_26' title='bbox 1965 926 2112 1026; x_wconf 83' lang='lat' dir='ltr'>(fol.</span> <span class='ocrx_word' id='word_1_27' title='bbox 2141 930 2335 1005; x_wconf 88' lang='lat'>1—3</span> <span class='ocrx_word' id='word_1_28' title='bbox 2353 929 2439 1025; x_wconf 87' lang='lat' dir='ltr'>r.)</span> 
     </span>
     <span class='ocr_line' id='line_1_6' title="bbox 188 1054 2444 1154; baseline 0.004 -32"><span class='ocrx_word' id='word_1_29' title='bbox 188 1061 252 1122; x_wconf 90' lang='lat' dir='ltr'>et</span> <span class='ocrx_word' id='word_1_30' title='bbox 284 1054 671 1126; x_wconf 86' lang='lat' dir='ltr'>summaria</span> <span class='ocrx_word' id='word_1_31' title='bbox 706 1055 1129 1128; x_wconf 85' lang='lat' dir='ltr'>brevissima</span> <span class='ocrx_word' id='word_1_32' title='bbox 1160 1080 1426 1130; x_wconf 86' lang='lat' dir='ltr'>novem</span> <span class='ocrx_word' id='word_1_33' title='bbox 1461 1054 1815 1130; x_wconf 82' lang='lat' dir='ltr'>librorum</span> <span class='ocrx_word' id='word_1_34' title='bbox 1848 1055 1994 1152; x_wconf 84' lang='lat' dir='ltr'>(fol.</span> <span class='ocrx_word' id='word_1_35' title='bbox 2031 1059 2075 1132; x_wconf 90' lang='lat'><strong>3</strong></span> <span class='ocrx_word' id='word_1_36' title='bbox 2108 1058 2231 1154; x_wconf 84' lang='lat' dir='ltr'>v.)‚</span> <span class='ocrx_word' id='word_1_37' title='bbox 2269 1061 2444 1131; x_wconf 86' lang='lat' dir='ltr'>sub-</span> 
     </span>
     <span class='ocr_line' id='line_1_7' title="bbox 188 1182 2441 1287; baseline 0.003 -36"><span class='ocrx_word' id='word_1_38' title='bbox 188 1193 574 1276; x_wconf 88' lang='lat' dir='ltr'>sequuntur</span> <span class='ocrx_word' id='word_1_39' title='bbox 648 1193 896 1257; x_wconf 81' lang='lat' dir='ltr'>autem</span> <span class='ocrx_word' id='word_1_40' title='bbox 971 1185 1154 1259; x_wconf 86' lang='lat' dir='ltr'>haec</span> <span class='ocrx_word' id='word_1_41' title='bbox 1214 1182 1342 1257; x_wconf 88' lang='lat' dir='ltr'>fol.</span> <span class='ocrx_word' id='word_1_42' title='bbox 1399 1187 1548 1260; x_wconf 83' lang='lat'>486</span> <span class='ocrx_word' id='word_1_43' title='bbox 1589 1211 1696 1259; x_wconf 84' lang='lat' dir='ltr'>v.:</span> <span class='ocrx_word' id='word_1_44' title='bbox 1788 1187 2169 1287; x_wconf 79' lang='grc' dir='ltr'>δημητρίου</span> <span class='ocrx_word' id='word_1_45' title='bbox 2230 1186 2441 1286; x_wconf 78' lang='grc' dir='ltr'>ῥαοὺλ</span> 
     </span>
    </p>
   </div>
   <div class='ocr_carea' id='block_1_3' title="bbox 187 1310 2441 1460">
    <p class='ocr_par' dir='ltr' id='par_1_4' title="bbox 187 1310 2441 1460">
     <span class='ocr_line' id='line_1_8' title="bbox 187 1310 2441 1460; baseline 0.003 -81"><span class='ocrx_word' id='word_1_46' title='bbox 187 1310 429 1460; x_wconf 78' lang='grc' dir='ltr'>καβάκη</span> <span class='ocrx_word' id='word_1_47' title='bbox 486 1311 894 1411; x_wconf 82' lang='grc' dir='ltr'>σπαρτιάτου</span> <span class='ocrx_word' id='word_1_48' title='bbox 946 1315 1055 1386; x_wconf 83' lang='grc' dir='ltr'>καὶ</span> <span class='ocrx_word' id='word_1_49' title='bbox 1103 1314 1492 1416; x_wconf 75' lang='grc' dir='ltr'>βυζαντίουε</span> <span class='ocrx_word' id='word_1_50' title='bbox 1550 1313 1813 1414; x_wconf 74' lang='grc' dir='ltr'>ἐγράφη</span> <span class='ocrx_word' id='word_1_51' title='bbox 1855 1314 1926 1389; x_wconf 79' lang='grc' dir='ltr'>ἐν</span> <span class='ocrx_word' id='word_1_52' title='bbox 1964 1317 2188 1415; x_wconf 75' lang='grc' dir='ltr'><strong>ῥώμη.</strong></span> <span class='ocrx_word' id='word_1_53' title='bbox 2273 1315 2431 1389; x_wconf 76' lang='grc' dir='ltr'>ἐν</span> <span class='ocrx_word' id='word_1_54' title='bbox 2384 1344 2441 1385; x_wconf 87' lang='grc' dir='ltr'>ω</span> 
     </span>
    </p>
   </div>
   <div class='ocr_carea' id='block_1_4' title="bbox 190 1465 2440 1670">
    <p class='ocr_par' dir='ltr' id='par_1_5' title="bbox 190 1465 2440 1670">
     <span class='ocr_line' id='line_1_9' title="bbox 190 1465 2440 1570; baseline 0.003 -34"><span class='ocrx_word' id='word_1_55' title='bbox 190 1469 396 1563; x_wconf 75' lang='grc' dir='ltr'>χρόνω</span> <span class='ocrx_word' id='word_1_56' title='bbox 443 1465 737 1568; x_wconf 73' lang='grc' dir='ltr'>ὄτροντω</span> <span class='ocrx_word' id='word_1_57' title='bbox 788 1468 1054 1567; x_wconf 81' lang='grc' dir='ltr'>τούρκοι</span> <span class='ocrx_word' id='word_1_58' title='bbox 1102 1468 1530 1570; x_wconf 77' lang='grc' dir='ltr'>κατέλαβων,</span> <span class='ocrx_word' id='word_1_59' title='bbox 1601 1470 1863 1542; x_wconf 87' lang='lat' dir='ltr'>deinde</span> <span class='ocrx_word' id='word_1_60' title='bbox 1927 1467 2071 1542; x_wconf 82' lang='lat' dir='ltr'>alia</span> <span class='ocrx_word' id='word_1_61' title='bbox 2117 1469 2440 1544; x_wconf 87' lang='lat' dir='ltr'>eiusdem</span> 
     </span>
     <span class='ocr_line' id='line_1_10' title="bbox 191 1596 1074 1670; baseline 0.003 -4"><span class='ocrx_word' id='word_1_62' title='bbox 191 1596 522 1669; x_wconf 80' lang='lat' dir='ltr'><strong>Demetrii</strong></span> <span class='ocrx_word' id='word_1_63' title='bbox 561 1597 1074 1670; x_wconf 80' lang='lat' dir='ltr'><strong>semibarbara.</strong></span> 
     </span>
    </p>
   </div>
   <div class='ocr_carea' id='block_1_5' title="bbox 577 1726 953 1799">
    <p class='ocr_par' dir='ltr' id='par_1_6' title="bbox 577 1726 953 1799">
     <span class='ocr_line' id='line_1_11' title="bbox 577 1726 953 1799; baseline 0.005 -2"><span class='ocrx_word' id='word_1_64' title='bbox 577 1726 953 1799; x_wconf 90' lang='lat' dir='ltr'>Veneti:</span> 
     </span>
    </p>
   </div>
   <div class='ocr_carea' id='block_1_6' title="bbox 196 1846 2442 2053">
    <p class='ocr_par' dir='ltr' id='par_1_7' title="bbox 196 1846 2442 2053">
     <span class='ocr_line' id='line_1_12' title="bbox 378 1846 2442 1938; baseline 0.001 -18"><span class='ocrx_word' id='word_1_65' title='bbox 378 1848 495 1921; x_wconf 85' lang='lat'>30.</span> <span class='ocrx_word' id='word_1_66' title='bbox 583 1846 1007 1920; x_wconf 74' lang='lat' dir='ltr'>Marcianus</span> <span class='ocrx_word' id='word_1_67' title='bbox 1078 1847 1526 1933; x_wconf 87' lang='lat' dir='ltr'>CCCLXV,</span> <span class='ocrx_word' id='word_1_68' title='bbox 1604 1849 2070 1934; x_wconf 73' lang='lat' dir='ltr'>chartaceu3‚</span> <span class='ocrx_word' id='word_1_69' title='bbox 2146 1850 2223 1922; x_wconf 90' lang='lat' dir='ltr'>in</span> <span class='ocrx_word' id='word_1_70' title='bbox 2285 1848 2442 1938; x_wconf 67' lang='lat' dir='ltr'>fol„</span> 
     </span>
     <span class='ocr_line' id='line_1_13' title="bbox 196 1976 572 2053; baseline 0.019 -8"><span class='ocrx_word' id='word_1_71' title='bbox 196 1999 356 2047; x_wconf 83' lang='lat' dir='ltr'>saec.</span> <span class='ocrx_word' id='word_1_72' title='bbox 393 1976 572 2053; x_wconf 70' lang='lat' dir='ltr'>XV.</span> 
     </span>
    </p>
   </div>
   <div class='ocr_carea' id='block_1_7' title="bbox 200 2106 2460 4385">
    <p class='ocr_par' dir='ltr' id='par_1_8' title="bbox 376 2106 2444 2197">
     <span class='ocr_line' id='line_1_14' title="bbox 376 2106 2444 2197; baseline 0.002 -20"><span class='ocrx_word' id='word_1_73' title='bbox 376 2106 493 2178; x_wconf 89' lang='lat'>31.</span> <span class='ocrx_word' id='word_1_74' title='bbox 581 2106 1001 2180; x_wconf 86' lang='lat' dir='ltr'>Marcianus</span> <span class='ocrx_word' id='word_1_75' title='bbox 1061 2106 1556 2194; x_wconf 84' lang='lat' dir='ltr'>CCCLXVI,</span> <span class='ocrx_word' id='word_1_76' title='bbox 1619 2109 2044 2183; x_wconf 82' lang='lat' dir='ltr'>chartaceus</span> <span class='ocrx_word' id='word_1_77' title='bbox 2069 2165 2087 2197; x_wconf 94' lang='lat'>,</span> <span class='ocrx_word' id='word_1_78' title='bbox 2149 2109 2227 2181; x_wconf 88' lang='lat' dir='ltr'>in</span> <span class='ocrx_word' id='word_1_79' title='bbox 2289 2106 2444 2197; x_wconf 66' lang='lat' dir='ltr'>fol„</span> 
     </span>
    </p>

    <p class='ocr_par' dir='ltr' id='par_1_9' title="bbox 200 2238 1025 2430">
     <span class='ocr_line' id='line_1_15' title="bbox 200 2238 566 2311; baseline 0 -3"><span class='ocrx_word' id='word_1_80' title='bbox 200 2260 354 2308; x_wconf 81' lang='lat' dir='ltr'>saec.</span> <span class='ocrx_word' id='word_1_81' title='bbox 390 2238 566 2311; x_wconf 88' lang='lat' dir='ltr'>XV.</span> 
     </span>
     <span class='ocr_line' id='line_1_16' title="bbox 581 2357 1025 2430; baseline 0 0"><span class='ocrx_word' id='word_1_82' title='bbox 581 2357 1025 2430; x_wconf 86' lang='lat' dir='ltr'>Parisini:</span> 
     </span>
    </p>

    <p class='ocr_par' dir='ltr' id='par_1_10' title="bbox 203 2447 2460 3351">
     <span class='ocr_line' id='line_1_17' title="bbox 341 2447 2445 2575; baseline 0.001 -24"><span class='ocrx_word' id='word_1_83' title='bbox 341 2447 494 2552; x_wconf 86' lang='lat'><strong>‘32.</strong></span> <span class='ocrx_word' id='word_1_84' title='bbox 564 2477 1055 2553; x_wconf 72' lang='lat' dir='ltr'>bibliothecae</span> <span class='ocrx_word' id='word_1_85' title='bbox 1104 2478 1501 2575; x_wconf 80' lang='lat' dir='ltr'>imperialis</span> <span class='ocrx_word' id='word_1_86' title='bbox 1561 2479 1786 2565; x_wconf 82' lang='lat'><strong>1634,</strong></span> <span class='ocrx_word' id='word_1_87' title='bbox 1841 2479 2302 2569; x_wconf 71' lang='lat' dir='ltr'>chartaceus,</span> <span class='ocrx_word' id='word_1_88' title='bbox 2367 2480 2445 2554; x_wconf 77' lang='lat' dir='ltr'>in</span> 
     </span>
     <span class='ocr_line' id='line_1_18' title="bbox 203 2604 2451 2705; baseline 0.004 -30"><span class='ocrx_word' id='word_1_89' title='bbox 203 2604 329 2694; x_wconf 66' lang='lat' dir='ltr'>fol„</span> <span class='ocrx_word' id='word_1_90' title='bbox 376 2609 738 2703; x_wconf 83' lang='lat' dir='ltr'>scriptura</span> <span class='ocrx_word' id='word_1_91' title='bbox 772 2633 920 2682; x_wconf 87' lang='lat' dir='ltr'>non</span> <span class='ocrx_word' id='word_1_92' title='bbox 956 2607 1383 2705; x_wconf 87' lang='lat' dir='ltr'>ineleganti,</span> <span class='ocrx_word' id='word_1_93' title='bbox 1434 2612 1562 2682; x_wconf 85' lang='lat' dir='ltr'>sed</span> <span class='ocrx_word' id='word_1_94' title='bbox 1596 2609 1878 2683; x_wconf 87' lang='lat' dir='ltr'>mendis</span> <span class='ocrx_word' id='word_1_95' title='bbox 1927 2608 2260 2685; x_wconf 87' lang='lat' dir='ltr'>foedatus</span> <span class='ocrx_word' id='word_1_96' title='bbox 2296 2635 2451 2683; x_wconf 83' lang='lat' dir='ltr'>cre-</span> 
     </span>
     <span class='ocr_line' id='line_1_19' title="bbox 204 2737 2460 2840; baseline -0 -31"><span class='ocrx_word' id='word_1_97' title='bbox 204 2737 522 2812; x_wconf 86' lang='lat' dir='ltr'>berrimis.</span> <span class='ocrx_word' id='word_1_98' title='bbox 614 2741 869 2814; x_wconf 87' lang='lat' dir='ltr'>finitur</span> <span class='ocrx_word' id='word_1_99' title='bbox 902 2739 1139 2812; x_wconf 86' lang='lat' dir='ltr'>hisce:</span> <span class='ocrx_word' id='word_1_100' title='bbox 1214 2740 1263 2836; x_wconf 80' lang='grc' dir='ltr'>ἡ</span> <span class='ocrx_word' id='word_1_101' title='bbox 1296 2742 1609 2838; x_wconf 78' lang='grc' dir='ltr'>παροῦσα</span> <span class='ocrx_word' id='word_1_102' title='bbox 1657 2737 1890 2840; x_wconf 79' lang='grc' dir='ltr'><strong>βίβλος</strong></span> <span class='ocrx_word' id='word_1_103' title='bbox 1930 2738 2196 2839; x_wconf 77' lang='grc' dir='ltr'>ἐγράφη</span> <span class='ocrx_word' id='word_1_104' title='bbox 2251 2737 2321 2811; x_wconf 81' lang='grc' dir='ltr'>ἐν</span> <span class='ocrx_word' id='word_1_105' title='bbox 2357 2741 2460 2836; x_wconf 81' lang='grc' dir='ltr'>τῷ</span> 
     </span>
     <span class='ocr_line' id='line_1_20' title="bbox 208 2862 2449 2970; baseline -0.001 -31"><span class='ocrx_word' id='word_1_106' title='bbox 208 2862 396 2966; x_wconf 81' lang='grc' dir='ltr'>ἄστρῳ</span> <span class='ocrx_word' id='word_1_107' title='bbox 435 2867 543 2942; x_wconf 77' lang='grc' dir='ltr'>διὰ</span> <span class='ocrx_word' id='word_1_108' title='bbox 576 2870 805 2970; x_wconf 80' lang='grc' dir='ltr'>χειρὸς</span> <span class='ocrx_word' id='word_1_109' title='bbox 837 2868 1005 2961; x_wconf 75' lang='grc' dir='ltr'>ἐμοῦ</span> <span class='ocrx_word' id='word_1_110' title='bbox 1042 2872 1161 2939; x_wconf 79' lang='grc' dir='ltr'>τοῦ</span> <span class='ocrx_word' id='word_1_111' title='bbox 1198 2866 1509 2947; x_wconf 57' lang='lat' dir='ltr'>certine&lt;</span> <span class='ocrx_word' id='word_1_112' title='bbox 1544 2871 2031 2939; x_wconf 71' lang='grc' dir='ltr'>κωνσταντίνου</span> <span class='ocrx_word' id='word_1_113' title='bbox 2069 2867 2303 2965; x_wconf 72' lang='grc' dir='ltr'>ἱερέως</span> <span class='ocrx_word' id='word_1_114' title='bbox 2339 2869 2449 2937; x_wconf 85' lang='grc' dir='ltr'>καὶ</span> 
     </span>
     <span class='ocr_line' id='line_1_21' title="bbox 208 2994 2448 3096; baseline -0.001 -28"><span class='ocrx_word' id='word_1_115' title='bbox 208 2998 690 3095; x_wconf 80' lang='grc' dir='ltr'>χαρτοφύλακος</span> <span class='ocrx_word' id='word_1_116' title='bbox 739 3001 1007 3095; x_wconf 82' lang='grc' dir='ltr'>πίσσης,</span> <span class='ocrx_word' id='word_1_117' title='bbox 1065 2994 1559 3095; x_wconf 71' lang='grc' dir='ltr'>ὑπηρετούντος</span> <span class='ocrx_word' id='word_1_118' title='bbox 1595 2994 1663 3067; x_wconf 75' lang='grc' dir='ltr'>ἐν</span> <span class='ocrx_word' id='word_1_119' title='bbox 1703 2997 1806 3092; x_wconf 79' lang='grc' dir='ltr'>τῷ</span> <span class='ocrx_word' id='word_1_120' title='bbox 1849 2994 2177 3096; x_wconf 76' lang='grc' dir='ltr'>βασιλικῷ</span> <span class='ocrx_word' id='word_1_121' title='bbox 2214 2994 2448 3093; x_wconf 80' lang='grc' dir='ltr'>κλήρῳ</span> 
     </span>
     <span class='ocr_line' id='line_1_22' title="bbox 209 3121 2448 3228; baseline 0 -36"><span class='ocrx_word' id='word_1_122' title='bbox 209 3122 346 3195; x_wconf 81' lang='grc' dir='ltr'><strong>κατὰ</strong></span> <span class='ocrx_word' id='word_1_123' title='bbox 377 3137 558 3228; x_wconf 79' lang='grc' dir='ltr'>μῆνα</span> <span class='ocrx_word' id='word_1_124' title='bbox 595 3128 840 3199; x_wconf 73' lang='grc' dir='ltr'>ἰούνιον</span> <span class='ocrx_word' id='word_1_125' title='bbox 874 3133 1001 3225; x_wconf 85' lang='grc' dir='ltr'>τῆς</span> <span class='ocrx_word' id='word_1_126' title='bbox 1037 3122 1321 3222; x_wconf 79' lang='grc' dir='ltr'>δεκάτης</span> <span class='ocrx_word' id='word_1_127' title='bbox 1375 3121 1778 3205; x_wconf 72' lang='grc' dir='ltr'>ἰνδικτιῶνος</span> <span class='ocrx_word' id='word_1_128' title='bbox 1827 3128 1948 3194; x_wconf 80' lang='grc' dir='ltr'>τοῦ</span> <span class='ocrx_word' id='word_1_129' title='bbox 1999 3121 2448 3219; x_wconf 79' lang='grc' dir='ltr'>ἑξακισχιλιο-</span> 
     </span>
     <span class='ocr_line' id='line_1_23' title="bbox 213 3249 2448 3351; baseline -0 -27"><span class='ocrx_word' id='word_1_130' title='bbox 213 3258 346 3326; x_wconf 81' lang='grc' dir='ltr'>στοῦ</span> <span class='ocrx_word' id='word_1_131' title='bbox 372 3253 883 3329; x_wconf 77' lang='grc' dir='ltr'>ὀκτακοσιοστοῦ</span> <span class='ocrx_word' id='word_1_132' title='bbox 915 3251 1123 3351; x_wconf 78' lang='grc' dir='ltr'>ὀγδοη</span> <span class='ocrx_word' id='word_1_133' title='bbox 1134 3255 1376 3325; x_wconf 81' lang='grc' dir='ltr'>κοστοῦ</span> <span class='ocrx_word' id='word_1_134' title='bbox 1403 3250 1597 3333; x_wconf 83' lang='grc' dir='ltr'>ἔτους</span> <span class='ocrx_word' id='word_1_135' title='bbox 1625 3250 1970 3347; x_wconf 80' lang='lat'>(==1372</span> <span class='ocrx_word' id='word_1_136' title='bbox 1989 3277 2060 3346; x_wconf 90' lang='lat' dir='ltr'>p.</span> <span class='ocrx_word' id='word_1_137' title='bbox 2083 3250 2311 3347; x_wconf 78' lang='lat' dir='ltr'>Chr..)</span> <span class='ocrx_word' id='word_1_138' title='bbox 2352 3249 2448 3345; x_wconf 84' lang='lat' dir='ltr'>(d)</span> 
     </span>
    </p>

    <p class='ocr_par' dir='ltr' id='par_1_11' title="bbox 216 3377 2454 3868">
     <span class='ocr_line' id='line_1_24' title="bbox 387 3377 2449 3468; baseline -0.004 -10"><span class='ocrx_word' id='word_1_139' title='bbox 387 3386 499 3458; x_wconf 87' lang='grc'>33.</span> <span class='ocrx_word' id='word_1_140' title='bbox 561 3385 888 3458; x_wconf 70' lang='lat' dir='ltr'>eiusdem</span> <span class='ocrx_word' id='word_1_141' title='bbox 923 3380 1413 3455; x_wconf 83' lang='lat' dir='ltr'>bibliothecae</span> <span class='ocrx_word' id='word_1_142' title='bbox 1451 3381 1677 3465; x_wconf 82' lang='lat'><strong>2933,</strong></span> <span class='ocrx_word' id='word_1_143' title='bbox 1711 3382 2158 3468; x_wconf 77' lang='lat' dir='ltr'>chartaceus,</span> <span class='ocrx_word' id='word_1_144' title='bbox 2187 3380 2267 3453; x_wconf 88' lang='lat' dir='ltr'>in</span> <span class='ocrx_word' id='word_1_145' title='bbox 2294 3377 2449 3465; x_wconf 65' lang='lat' dir='ltr'>fol„</span> 
     </span>
     <span class='ocr_line' id='line_1_25' title="bbox 216 3510 2453 3609; baseline -0.002 -25"><span class='ocrx_word' id='word_1_146' title='bbox 216 3512 444 3586; x_wconf 82' lang='lat' dir='ltr'>saeculi</span> <span class='ocrx_word' id='word_1_147' title='bbox 476 3515 696 3609; x_wconf 82' lang='lat' dir='ltr'><strong>XVI,</strong></span> <span class='ocrx_word' id='word_1_148' title='bbox 738 3512 1096 3607; x_wconf 81' lang='lat' dir='ltr'>pessimae</span> <span class='ocrx_word' id='word_1_149' title='bbox 1129 3518 1369 3584; x_wconf 83' lang='lat' dir='ltr'>notae.</span> <span class='ocrx_word' id='word_1_150' title='bbox 1439 3511 1633 3585; x_wconf 87' lang='lat' dir='ltr'>inest</span> <span class='ocrx_word' id='word_1_151' title='bbox 1668 3519 1954 3605; x_wconf 86' lang='lat' dir='ltr'>praeter</span> <span class='ocrx_word' id='word_1_152' title='bbox 1988 3510 2453 3583; x_wconf 82' lang='lat' dir='ltr'>Herodotum</span> 
     </span>
     <span class='ocr_line' id='line_1_26' title="bbox 217 3635 2454 3739; baseline -0.003 -23"><span class='ocrx_word' id='word_1_153' title='bbox 217 3639 466 3738; x_wconf 79' lang='lat' dir='ltr'>aliaque</span> <span class='ocrx_word' id='word_1_154' title='bbox 536 3644 898 3739; x_wconf 84' lang='lat' dir='ltr'>quaedam</span> <span class='ocrx_word' id='word_1_155' title='bbox 969 3640 1218 3722; x_wconf 72' lang='grc' dir='ltr'>λεξαὺν</span> <span class='ocrx_word' id='word_1_156' title='bbox 1290 3645 1425 3713; x_wconf 76' lang='grc' dir='ltr'>τῶν</span> <span class='ocrx_word' id='word_1_157' title='bbox 1500 3639 1911 3738; x_wconf 76' lang='grc' dir='ltr'>ὴροδοτείων</span> <span class='ocrx_word' id='word_1_158' title='bbox 1982 3636 2228 3719; x_wconf 74' lang='grc' dir='ltr'><strong>λέξεων</strong></span> <span class='ocrx_word' id='word_1_159' title='bbox 2301 3635 2454 3734; x_wconf 81' lang='lat' dir='ltr'>(foL</span> 
     </span>
     <span class='ocr_line' id='line_1_27' title="bbox 220 3768 564 3868; baseline 0.012 -30"><span class='ocrx_word' id='word_1_160' title='bbox 220 3768 384 3868; x_wconf 76' lang='lat'><strong>205).</strong></span> <span class='ocrx_word' id='word_1_161' title='bbox 470 3772 564 3868; x_wconf 78' lang='lat' dir='ltr'>(d)</span> 
     </span>
    </p>

    <p class='ocr_par' dir='ltr' id='par_1_12' title="bbox 221 3893 2457 4385">
     <span class='ocr_line' id='line_1_28' title="bbox 393 3893 2449 3984; baseline -0.003 -10"><span class='ocrx_word' id='word_1_162' title='bbox 393 3901 503 3975; x_wconf 82' lang='lat'>34.</span> <span class='ocrx_word' id='word_1_163' title='bbox 559 3902 889 3977; x_wconf 78' lang='lat' dir='ltr'>eiusdem</span> <span class='ocrx_word' id='word_1_164' title='bbox 921 3896 1409 3973; x_wconf 75' lang='lat' dir='ltr'>bibliothecae</span> <span class='ocrx_word' id='word_1_165' title='bbox 1446 3898 1669 3984; x_wconf 78' lang='lat'><strong>1405,</strong></span> <span class='ocrx_word' id='word_1_166' title='bbox 1707 3899 2152 3977; x_wconf 76' lang='lat' dir='ltr'>chartaceus,</span> <span class='ocrx_word' id='word_1_167' title='bbox 2193 3897 2272 3969; x_wconf 87' lang='lat' dir='ltr'>in</span> <span class='ocrx_word' id='word_1_168' title='bbox 2297 3893 2449 3980; x_wconf 63' lang='lat' dir='ltr'>fol„</span> 
     </span>
     <span class='ocr_line' id='line_1_29' title="bbox 221 4025 2455 4123; baseline -0 -24"><span class='ocrx_word' id='word_1_169' title='bbox 221 4027 708 4106; x_wconf 64' lang='lat' dir='ltr'>miscellaneae.</span> <span class='ocrx_word' id='word_1_170' title='bbox 836 4029 1195 4104; x_wconf 87' lang='lat' dir='ltr'>Herodoti</span> <span class='ocrx_word' id='word_1_171' title='bbox 1259 4027 1452 4101; x_wconf 80' lang='lat' dir='ltr'>inest</span> <span class='ocrx_word' id='word_1_172' title='bbox 1510 4025 1680 4101; x_wconf 89' lang='lat' dir='ltr'>libri</span> <span class='ocrx_word' id='word_1_173' title='bbox 1745 4027 1963 4123; x_wconf 87' lang='lat' dir='ltr'>primi</span> <span class='ocrx_word' id='word_1_174' title='bbox 2027 4051 2197 4120; x_wconf 85' lang='lat' dir='ltr'>pars</span> <span class='ocrx_word' id='word_1_175' title='bbox 2258 4026 2455 4120; x_wconf 88' lang='lat' dir='ltr'>prior</span> 
     </span>
     <span class='ocr_line' id='line_1_30' title="bbox 224 4155 2457 4257; baseline -0.003 -26"><span class='ocrx_word' id='word_1_176' title='bbox 224 4176 416 4250; x_wconf 82' lang='lat' dir='ltr'>usque</span> <span class='ocrx_word' id='word_1_177' title='bbox 464 4164 556 4234; x_wconf 86' lang='lat' dir='ltr'>ad</span> <span class='ocrx_word' id='word_1_178' title='bbox 603 4187 664 4233; x_wconf 89' lang='lat' dir='ltr'>c.</span> <span class='ocrx_word' id='word_1_179' title='bbox 708 4162 808 4234; x_wconf 80' lang='lat'>86</span> <span class='ocrx_word' id='word_1_180' title='bbox 860 4159 932 4240; x_wconf 79' lang='grc' dir='ltr'>ἐς</span> <span class='ocrx_word' id='word_1_181' title='bbox 967 4158 1206 4257; x_wconf 68' lang='grc' dir='ltr'>λόγους</span> <span class='ocrx_word' id='word_1_182' title='bbox 1240 4156 1500 4241; x_wconf 74' lang='grc' dir='ltr'><strong>ἐλθεῖν,</strong></span> <span class='ocrx_word' id='word_1_183' title='bbox 1557 4181 1747 4251; x_wconf 89' lang='lat' dir='ltr'>quae</span> <span class='ocrx_word' id='word_1_184' title='bbox 1792 4156 1948 4229; x_wconf 87' lang='lat' dir='ltr'>visa</span> <span class='ocrx_word' id='word_1_185' title='bbox 1993 4165 2105 4230; x_wconf 90' lang='lat' dir='ltr'>est</span> <span class='ocrx_word' id='word_1_186' title='bbox 2152 4180 2249 4228; x_wconf 85' lang='lat' dir='ltr'>ex</span> <span class='ocrx_word' id='word_1_187' title='bbox 2298 4155 2457 4249; x_wconf 87' lang='lat' dir='ltr'>ipsa</span> 
     </span>
     <span class='ocr_line' id='line_1_31' title="bbox 225 4281 1140 4385; baseline 0.001 -27"><span class='ocrx_word' id='word_1_188' title='bbox 225 4281 460 4360; x_wconf 85' lang='lat' dir='ltr'>Aldina</span> <span class='ocrx_word' id='word_1_189' title='bbox 492 4291 930 4385; x_wconf 85' lang='lat' dir='ltr'>transcripta</span> <span class='ocrx_word' id='word_1_190' title='bbox 963 4311 1140 4361; x_wconf 85' lang='lat' dir='ltr'>esse.</span> 
     </span>
    </p>
   </div>
   <div class='ocr_carea' id='block_1_8' title="bbox 229 4411 2453 4619">
    <p class='ocr_par' dir='ltr' id='par_1_13' title="bbox 229 4411 2453 4619">
     <span class='ocr_line' id='line_1_32' title="bbox 400 4411 2453 4515; baseline 0 -26"><span class='ocrx_word' id='word_1_191' title='bbox 400 4417 512 4490; x_wconf 86' lang='lat'>35.</span> <span class='ocrx_word' id='word_1_192' title='bbox 583 4419 1061 4515; x_wconf 86' lang='lat' dir='ltr'>Remigianus</span> <span class='ocrx_word' id='word_1_193' title='bbox 1123 4418 1323 4513; x_wconf 86' lang='lat' dir='ltr'>apud</span> <span class='ocrx_word' id='word_1_194' title='bbox 1393 4414 1962 4510; x_wconf 84' lang='lat' dir='ltr'>Wesselingium</span> <span class='ocrx_word' id='word_1_195' title='bbox 1982 4470 2002 4501; x_wconf 84' lang='lat'>,</span> <span class='ocrx_word' id='word_1_196' title='bbox 2080 4415 2161 4487; x_wconf 89' lang='lat' dir='ltr'>in</span> <span class='ocrx_word' id='word_1_197' title='bbox 2234 4411 2287 4485; x_wconf 84' lang='grc' dir='ltr'>Γ</span> <span class='ocrx_word' id='word_1_198' title='bbox 2360 4415 2453 4489; x_wconf 83' lang='grc'>70</span> 
     </span>
     <span class='ocr_line' id='line_1_33' title="bbox 229 4538 544 4619; baseline 0.022 -7"><span class='ocrx_word' id='word_1_199' title='bbox 229 4538 544 4619; x_wconf 75' lang='lat' dir='ltr'>desinens.</span> 
     </span>
    </p>
   </div>
   <div class='ocr_carea' id='block_1_9' title="bbox 2003 4676 2039 4730">
    <p class='ocr_par' dir='ltr' id='par_1_14' title="bbox 2003 4676 2039 4730">
     <span class='ocr_line' id='line_1_34' title="bbox 2003 4676 2039 4730; baseline 0 -2"><span class='ocrx_word' id='word_1_200' title='bbox 2003 4676 2039 4730; x_wconf 92' lang='lat' dir='ltr'>b</span> 
     </span>
    </p>
   </div>
  </div>
 </body>
</html>
