3059 5125
1247 1165 1303 1233 Z

298 1391 787 1499 Ἀρισταγόρης
836 1400 955 1495 μέν
1012 1427 1125 1471 νυν
1157 1394 1430 1501 Ἰωνίην
1469 1400 1862 1500 ἀποστήσας
1900 1401 2077 1474 οὕτω
2114 1402 2415 1500 τελευτᾷ.
2459 1414 2483 1471 1

161 1508 449 1601 Ἱστιαῖος
499 1518 575 1592 δὲ
633 1521 669 1590 ὁ
718 1514 1030 1618 Μιλήτου
1085 1521 1406 1620 τύραννος
1464 1521 1905 1616 μεμετιμένος
1956 1520 2084 1593 ὑπὸ
2137 1519 2422 1619 Δαρείου

168 1647 369 1738 παρῆν
406 1639 473 1721 ές
508 1638 757 1738 Σάρδις
779 1663 792 1675 ·
851 1637 1216 1734 ἀπιγμένον
1258 1638 1333 1711 δὲ
1370 1639 1573 1712 αὐτὸν
1614 1640 1688 1713 έκ
1721 1648 1856 1714 τῶν
1889 1639 2168 1712 Σούσων
2208 1641 2422 1739 εἴρετο

165 1752 600 1857 Ἀρταφρένης
643 1759 680 1829 ὁ
717 1757 1023 1857 Σαρδίων
1070 1756 1372 1857 ὕπαρχος
1410 1758 1576 1832 κατὰ
1614 1761 1794 1831 κοῖόν
1832 1785 1894 1830 τι
1929 1759 2151 1831 δοκέοι
2177 1753 2426 1839 Ἴωνας

117 1898 142 1946 5
174 1874 536 1950 ἀπεστάναι.
601 1878 669 1959 ,δ
722 1874 799 1947 δὲ
850 1876 1003 1948 οὔτε
1049 1877 1293 1949 εἰδέναι
1331 1878 1467 1976 ἔφη
1510 1877 1869 1971 έθώυμαζέ
1906 1905 1978 1950 τε
2014 1881 2092 1950 τὸ
2129 1881 2424 1975 γεγονός,

173 1997 258 2076 ὡς
320 1995 505 2067 οὐδὲν
563 1995 769 2095 δῆθεν
836 2002 970 2067 τῶν
1039 2000 1423 2093 παρεόντων
1477 1996 1892 2095 πρηγμάτων
1961 1997 2422 2091 ἐπιστάμενος.

174 2114 306 2186 ὅδὲ
332 2103 805 2214 Ἀρταφρένης
856 2114 1066 2212 ὁρέων
1118 2115 1319 2186 αὐτὸν
1363 2115 1772 2214 τεχνάζοντα
1831 2115 2009 2204 εἶπε,
2064 2116 2259 2197 εἰδὼς
2303 2118 2425 2214 τὴν

175 2231 494 2332 ἀτρεκείην
567 2242 692 2314 τῢς
759 2232 1192 2324 ἀποστάσιος,
1255 2222 1485 2307 αοὕτω
1556 2261 1658 2307 τοι
1714 2223 1987 2309 Ἱστιαῖε
2054 2234 2196 2333 ἔχει
2260 2232 2429 2306 κατὰ

175 2359 364 2425 ταῦτα
412 2353 495 2426 τὰ
540 2357 947 2452 πρήγματα’
1039 2359 1236 2426 τοῦτο
1287 2357 1363 2426 τὸ
1423 2353 1743 2454 ὑπόδημα
1794 2355 2093 2454 ἔρραψας
2145 2354 2265 2449 μὲν
2320 2356 2425 2441 σύ,

99 2491 148 2540 10
179 2472 537 2573 ὑπεδήσατο
593 2471 668 2543 δὲ
720 2460 1270 2572 Ἀρισταγόρης.”
1365 2462 1847 2573 Ἀρταφρένης
1919 2473 2038 2570 μὲν
2093 2479 2305 2546 ταῦτα
2362 2474 2430 2554 ἐς
2464 2494 2502 2554 2

177 2596 285 2689 τὴν
319 2592 679 2666 ἀπόστασιν
721 2591 966 2688 ἔχοντα
1003 2592 1168 2665 εἶπε.
1237 2579 1556 2673 Ἱστιαῖος
1603 2592 1678 2665 δὲ
1725 2594 1954 2675 δείσας
2000 2595 2093 2675 ὡς
2126 2595 2428 2668 συνιέντα

169 2704 596 2810 Ἀρταφρένεα
651 2711 780 2784 ὑπὸ
828 2716 954 2810 τὴν
1000 2717 1277 2811 πρώτην
1324 2711 1746 2785 ἐπελθοῦσαν
1782 2715 1986 2784 νύκτα
2019 2711 2279 2813 ἀπέδρη
2322 2712 2432 2784 ἐπὶ

179 2829 544 2918 θάλασσαν,
599 2829 884 2931 βασιλέα
920 2828 1198 2929 Δαρεῖον
1253 2829 1736 2929 ἐξηπατηκώς·
1813 2833 1886 2912 ὃς
1921 2831 2167 2930 Σαρδὼ
2217 2840 2426 2932 νῆσον

180 2952 286 3046 τὴν
366 2955 685 3047 μεγίστην
762 2948 1258 3043 ὑποδεξάμενος
1328 2948 1867 3048 κατεργάσασθαι
1946 2949 2227 3022 ὑπέδυνε
2294 2957 2427 3021 τῶν

108 3053 402 3139 ιῡἸώνων
436 3072 556 3167 τὴν
594 3070 967 3167 ἡγεμονίην
1005 3072 1121 3139 τοῦ
1157 3072 1326 3167 πρὸς
1361 3066 1640 3167 Δαρεῖον
1679 3068 2007 3164 πολέμου.
2085 3067 2322 3169 διαβὰς
2359 3069 2434 3141 δὲ

184 3184 245 3265 ἐς
273 3183 427 3258 Χίον
466 3186 675 3285 ἐδέθη
720 3186 849 3259 ὑπὸ
886 3184 1095 3275 Χίων,
1135 3186 1633 3285 καταγνωσθεὶς
1668 3191 1836 3286 πρὸς
1873 3187 2095 3260 αὐτῶν
2134 3193 2432 3287 νεώτερα

181 3309 479 3402 πρήσσειν
535 3310 906 3405 πρήγματα
942 3305 1013 3386 ές
1051 3304 1297 3386 αὐτοὺς
1334 3305 1406 3377 ἐκ
1438 3304 1741 3406 Δαρείου.
1836 3307 2170 3401 μαθόντες
2208 3307 2433 3401 μέντοι

367 3595 415 3647 9.
473 3593 869 3664 (Diogenianus
911 3591 1068 3647 Ceut.
1112 3592 1254 3646 VIII
1289 3595 1395 3659 49).
1473 3591 1770 3663 Gregorius
1816 3593 1952 3649 Naz.
2000 3594 2133 3650 Stel.
2180 3595 2238 3649 11
2271 3613 2323 3666 p.
2367 3597 2429 3646 93

274 3660 445 3733 ibique
470 3661 704 3716 Nonnus
730 3679 781 3732 p.
819 3663 915 3713 162
939 3660 1119 3715 Mont.

277 3812 495 3872 ePATQ
516 3821 552 3877 ξ
575 3819 647 3879 Α,
680 3812 915 3871 ΕΡΑΤΩ
932 3819 1002 3878 B,
1035 3815 1199 3887 ἐρατώ
1224 3813 1265 3874 ς’
1293 3814 1352 3881 C,
1377 3816 1595 3888 ἐρατώι·
1624 3814 1747 3887 ἕκτη
1764 3837 1801 3869 2·
1831 3816 1893 3882 P,
1918 3815 2098 3887 ἑρατώ.
2131 3818 2204 3879 R,
2230 3816 2393 3888 ἐρατώ
2422 3841 2427 3868 ε

189 3889 410 3960 ἠροὸότου
435 3894 664 3968 ἱστοριῶν
690 3893 847 3965 ἕκτης
873 3894 922 3957 d,
955 3890 1319 3950 ΗΡΟΔΟΤΟΥ
1341 3891 1677 3950 ΙΣΤΟΡΙΩΝ·
1694 3891 1905 3948 ΕΚΤΗ·
1932 3891 2181 3948 ΕΡΑΤΩ·
2207 3911 2234 3945 z

282 3997 324 4047 1.
361 3995 519 4057 οὕτως
543 3996 782 4052 ἐτελεύτα
805 3997 883 4050 B2
904 4014 1073 4067 marg.
1113 3998 1172 4050 R
1233 3998 1256 4062 11
1316 3999 1364 4048 2.
1408 3995 1613 4055 ιστίαιος
1638 3998 1769 4061 ΑΒ,
1810 3995 2016 4055 ἱστίαιος
2048 3996 2113 4059 0,
2153 3996 2356 4055 ἰστίαιος
2381 3997 2431 4060 (Ι,

193 4059 305 4115 item
339 4082 401 4120 ue
424 4067 537 4120 fere
561 4066 741 4121 eidem
774 4069 797 4132 11
835 4065 1167 4137 μεμετιμένος
1190 4065 1360 4121 ABG
1375 4064 1560 4118 Pcorr.
1589 4083 1647 4118 za
1686 4064 2035 4134 μεμετημένος
2059 4064 2154 4116 Ra
2184 4067 2207 4129 11
2243 4067 2294 4118 3.
2313 4066 2375 4117 σά
2409 4096 2438 4106 -

197 4128 281 4211 {etz
374 4138 395 4200 11
437 4134 592 4206 ἤρετο
614 4135 781 4190 ABG
819 4138 841 4200 11
887 4138 940 4188 4.
967 4134 1193 4206 ἀρταφέρ
1261 4134 1369 4192 eda
1414 4137 1438 4199 11
1485 4133 1733 4187 δοκέειάε
1783 4136 1806 4197 11
1854 4136 1901 4185 5.
1932 4132 2170 4204 ἐθώμαζέ
2194 4083 2405 4188 ABOJ
2421 4135 2439 4201 11

205 4199 570 4279 ι..ιὶρταερέρνης
594 4206 656 4260 dz
737 4207 762 4268 11
843 4204 978 4274 ὁρῶν
1004 4203 1063 4256 R
1129 4203 1154 4267 11
1194 4154 1287 4256 Ἤ.
1326 4202 1565 4283 ἀτρεκίην
1589 4219 1616 4253 z
1686 4207 1709 4268 11
1782 4206 1830 4254 9.
1874 4201 2060 4274 ἕρραψε
2088 4200 2436 4270 μὲνῚστιαῖος

198 4264 403 4338 Dlogen.
441 4272 712 4343 ceterique
739 4281 910 4326 testes
957 4274 979 4336 11
1032 4272 1108 4324 10.
1146 4270 1430 4326 ὑπεδύσατο
1463 4271 1701 4340 Dlogen.
1735 4269 1898 4340 Greg.
1962 4273 1985 4336 11
2031 4271 2090 4323 δὲ
2114 4271 2140 4324 ὁ
2167 4270 2227 4322 dz
2273 4272 2295 4334 11
2342 4270 2437 4342 ἀρ-

197 4339 498 4411 ταφάρνηςάι
551 4345 575 4407 11
640 4343 719 4394 11.
763 4341 962 4413 ἔχοντα]
995 4339 1135 4411 εἷγον
1160 4331 1216 4393 d‘
1273 4344 1296 4405 11
1358 4342 1440 4393 12.
1468 4339 1866 4411 ἀρταφέρνεαᾰσ
1912 4342 1935 4405 11
1989 4341 2066 4390 13.
2110 4337 2327 4408 βασιλῆα
2353 4355 2379 4389 z
2419 4339 2439 4407 11

201 4406 821 4528 “0⁶¹0
842 4401 1157 4543 κατ.
1185 4407 1589 4474 ²
1768 4407 1824 4460 R
1863 4412 1886 4474 ¹¹
2344 4407 2396 4460 Ρ
2421 4409 2440 4476 ¹¹
