3059 5125
1107 347 1503 412 ...Θ-
2316 350 2438 413 317

147 527 361 600 σοιῖτο
412 524 499 621 τῇ
551 525 794 619 γνώμῃ
846 520 972 592 ὑπὸ
1010 528 1145 593 τῶν
1184 520 1788 621 Πελοποννησίων,
1830 522 2060 595 λαθὼν
2103 522 2442 622 ἐξέρχεται

146 639 223 712 ἐκ
273 645 400 711 τοῦ
449 639 830 739 συνεδρίου,
885 639 1177 720 ἐξελθὼν
1233 639 1308 714 δὲ
1359 640 1612 734 πέμπει
1663 641 1734 722 ἐς
1767 643 1843 712 τὸ
1881 644 2327 740 στρατοπεδον
2363 646 2442 715 τὸ

146 754 427 855 Μήδων
487 757 701 858 ἄνδρα
756 753 977 856 πλοίῴ
1029 758 1492 853 ἐντειλάμενος
1525 756 1607 829 τὰ
1645 759 1862 856 λέγειν
1900 764 2140 859 χρεόν,
2193 765 2293 858 τῷ
2320 761 2439 834 ού-

144 903 330 972 νομα
387 875 511 970 μὲν
552 879 636 977 ἠν
676 878 1011 966 Σίκιννος,
1080 877 1350 977 οἰκέτης
1399 878 1472 951 δὲ
1529 881 1640 951 καὶ
1686 879 2118 977 παιδαγωγὸς
2165 880 2250 977 ἧν
2304 887 2439 952 τῶν

79 1021 109 1069 5
145 993 642 1092 Θεμιστοκλέος
676 997 934 1068 παίδων
950 1020 974 1080 j
1048 999 1161 1067 τὸν
1203 997 1288 1096 δὴ
1348 996 1622 1095 ὕστερον
1661 999 1915 1070 τούτων
1953 1005 2084 1068 τῶν
2115 998 2436 1096 πρηγμά-

142 1140 278 1188 των
342 1111 853 1212 Θεμιστοκλέης
910 1111 1202 1188 Θεσπιέα
1256 1142 1327 1187 τε
1379 1114 1695 1214 ἐποίησε,
1769 1120 1867 1197 ὡς
1920 1116 2317 1194 ἐπεδέκοντο
2376 1120 2438 1189 οἱ

144 1231 482 1312 Θεσπιέες
516 1232 867 1330 πολιήτας,
907 1235 1018 1304 καὶ
1053 1239 1363 1333 χρήμασι
1398 1233 1647 1334 ὄλβιον.
1726 1236 1799 1317 ὃς
1833 1240 1985 1308 τότε
2018 1236 2238 1332 πλοίῳ
2277 1233 2435 1309 ἀπι-

144 1354 441 1447 κόμενος
498 1350 691 1448 ἔλεγε
741 1354 907 1450 πρὸς
959 1354 1116 1433 τοὺς
1173 1356 1593 1454 στρατηγοὺς
1639 1363 1773 1436 τῶν
1835 1353 2197 1455 βαρβάρων
2248 1355 2431 1426 τάδε.

132 1457 466 1567 “gwy-4&
548 1496 630 1563 με
700 1475 1079 1572 στρατηγὸς
1145 1473 1180 1543 ὁ
1260 1467 1659 1571 Ἀθηναίων
1731 1472 1954 1573 λάθρῃ
2014 1480 2148 1544 τῶν
2203 1472 2429 1548 ἄλλων

74 1583 512 1686 ΔοἙλλήνων
569 1589 902 1688 (τυγχάνει
957 1590 1084 1689 γὰρ
1131 1593 1437 1689 φρονέων
1488 1593 1571 1665 τὰ
1609 1590 1924 1694 βασιλέος
1954 1594 2063 1663 καὶ
2099 1590 2433 1691 βουλόμε-

142 1733 255 1789 νος
294 1707 561 1800 μᾶλλον
596 1706 678 1780 τὰ
717 1709 1008 1808 ὑμέτερα
1044 1709 1419 1807 κατύπερθε
1457 1711 1758 1808 γίνεσθαι
1793 1712 1838 1810 ἢ
1878 1710 1962 1784 τὰ
1997 1717 2130 1782 τῶν
2161 1699 2433 1808 Ἑλλή-

144 1851 275 1896 νων
321 1831 724 1925 πρήγματα)
779 1830 1118 1928 φράσοντα
1171 1827 1275 1899 ὅτι
1324 1830 1386 1900 οἰ
1423 1816 1769 1928 εΈλληνες
1809 1831 2111 1932 δρησμὸν
2150 1829 2432 1929 βουλεύ-

145 1969 334 2022 ονται
408 1948 1042 2046 καταρρωδηκότες,
1105 1950 1215 2019 καὶ
1277 1952 1393 2018 νῦν
1462 1948 1748 2047 παρέχει
1809 1948 2157 2022 κάλλιστον
2222 1947 2435 2042 ὑμέας

146 2061 362 2160 ἔργων
428 2061 744 2137 ἁπάντων
803 2065 1323 2164 ἐξεργάσασθαι,
1378 2067 1463 2163 ἣν
1521 2070 1619 2165 μὴ
1656 2068 2000 2165 περιίδητε
2038 2067 2437 2165 διαδράντας

73 2203 112 2254 ῑ5
147 2180 417 2263 αὐτούς.
508 2182 664 2256 οὔτε
712 2182 839 2281 γὰρ
890 2181 1249 2282 ἀλλήλοισι
1281 2185 1769 2285 ὁμοφρονέουσι
1809 2185 1960 2258 οὔτε
1998 2182 2433 2283 ἀντιστήσον-

146 2323 250 2372 ται
286 2300 488 2394 ὑμῖν,
543 2304 713 2400 πρὸς
762 2301 1056 2384 ἑωυτούς
1091 2328 1163 2376 τε
1201 2302 1416 2400 σφέας
1452 2303 1704 2400 ὄψεσθε
1738 2304 2244 2401 ναυμαχέοντας
2278 2304 2436 2383 τοὺς

146 2417 225 2490 τὰ
260 2417 564 2518 ὑμέτερα
602 2419 1009 2519 φρονέοντας
1043 2423 1152 2496 καὶ
1207 2422 1364 2502 τοὺς
1411 2411 1569 2519 μή.”
1667 2423 1702 2493 ὁ
1743 2422 1864 2517 μὲν
1899 2421 2109 2496 ταῦτά
2144 2448 2263 2518 σφι
2298 2447 2430 2519 ση-
2462 2431 2546 2493 76

150 2540 373 2635 μήνας
429 2538 733 2611 ἐκποδὼν
788 2535 1262 2615 ἀπαλλάσσετο
1285 2564 1299 2579 ·
1374 2543 1547 2614 τοῖσι
1586 2539 1661 2612 δὲ
1698 2545 1794 2624 ὡς
1826 2540 2032 2614 πιστὰ
2068 2540 2317 2637 ἐγίνετο
2354 2538 2438 2611 τὰ

150 2654 603 2753 ἀγγελθέντα,
657 2663 857 2730 τοῦτο
920 2658 1040 2754 μὲν
1081 2659 1152 2745 ές
1188 2663 1311 2758 τὴν
1348 2660 1597 2758 νησῖδα
1631 2664 1755 2759 τὴν
1798 2658 2211 2735 Ψυττάλειαν
2234 2716 2251 2747 ,
2313 2684 2435 2753 με-

73 2791 118 2847 w
150 2775 302 2857 ταξὺ
340 2774 732 2870 Σαλαμῖνός
779 2802 853 2853 τε
888 2778 1199 2876 κειμένην
1257 2782 1367 2849 καὶ
1419 2787 1543 2878 τῆς
1598 2780 1914 2879 ἠπείρου,
1968 2777 2265 2857 πολλοὺς
2299 2784 2435 2848 τῶν

153 2891 471 2992 Περσέων
531 2891 1067 2995 ἀπεβιβάσαντο·
1163 2901 1365 2968 τοῦτο
1422 2895 1529 2985 δέ,
1591 2897 1825 2995 ἐπειδὴ
1881 2897 2180 2994 ἐγίνοντο
2234 2894 2435 2989 μέσαι

149 3013 416 3101 νύκτες,
467 3009 719 3110 ἀνῆγον
771 3011 892 3107 μὲν
942 3016 1018 3085 τὸ
1064 3006 1181 3086 ἀπ’
1230 3013 1526 3113 ἑσπέρης
1564 3014 1763 3114 κέρας
1798 3013 2231 3107 κυκλούμενοι
2266 3016 2434 3111 πρὸς

150 3133 269 3229 τὴν
303 3129 703 3225 Σαλαμῖνα,
761 3129 1012 3231 ἀνῆγον
1053 3131 1128 3207 δὲ
1177 3135 1238 3205 οἱ
1282 3131 1455 3229 ἀμφὶ
1491 3137 1613 3231 τὴν
1654 3130 1832 3205 Κέον
1872 3158 1944 3209 τε
1981 3136 2088 3204 καὶ
2123 3136 2243 3231 τὴν
2285 3129 2430 3203 Κυ-

153 3251 471 3348 νόσουραν
524 3249 948 3346 τεταγμένοι,
1016 3253 1320 3347 κατεῖχόν
1373 3276 1444 3323 τε
1499 3253 1700 3350 μέχρι
1756 3247 2150 3350 Μουνυχίης
2210 3251 2430 3323 πάντα

456 3466 534 3520 ὅτι
570 3464 921 3540 Θεμιστοκλῆς
960 3466 1188 3521 Σίκιννον
1227 3469 1450 3539 ἔπεμψεν
1490 3468 1777 3540 μηνύσοντα
1809 3474 1917 3528 τοῖς
1956 3469 2225 3541 βαρβάροις
2259 3471 2343 3523 τὸν
2371 3471 2431 3522 ἐκ

353 3533 652 3606 Σαλαμῖνος
674 3544 775 3590 τῶν
795 3534 1068 3608 Ἑλλήνων
1094 3537 1326 3627 δρασμόν.

356 3724 436 3775 19.
480 3723 533 3783 ἐς
558 3753 589 3764 -
614 3726 679 3777 20
702 3724 919 3796 ἠπείρου
946 3723 1256 3795 Stephanus
1280 3725 1409 3796 Byz.
1442 3743 1488 3779 v.
1522 3724 1811 3780 Ψυττάλεια

251 3860 301 3911 3.
366 3861 478 3930 ρεὸν
501 3862 641 3915 ΑΒι
678 3868 813 3933 χρῆν
840 3860 911 3925 R,
940 3864 1106 3935 χρεὼν
1133 3861 1299 3916 ceteri
1345 3863 1371 3927 11
1415 3864 1466 3914 4.
1495 3862 1724 3921 σίκυννος
1755 3863 1814 3928 C,
1844 3861 2028 3921 σίκινος
2054 3864 2138 3916 Rz
2185 3865 2208 3927 11
2255 3865 2302 3914 5.
2335 3861 2426 3916 θε-

158 3944 291 3993 μιστο
358 3927 447 3987 06<
472 3928 555 3993 R,
599 3927 882 3999 Θεμιστοκλ
923 3949 978 3988 ος
1016 3949 1042 3982 z
1121 3932 1144 3996 ΙΙ
1212 3929 1405 3984 τούτων
1479 3939 1569 3985 ost
1601 3931 1914 4002 πρηγμάτων
1947 3931 2030 3995 R,
2079 3931 2301 3984 τουτέων
2337 3949 2363 3982 z
2409 3930 2429 4000 ss

159 3995 205 4048 6.
240 3996 267 4049 ὁ
292 3995 658 4069 θεμιστὸκλέης
682 3999 743 4052 R
805 4001 827 4065 ΙΙ
924 4039 936 4051 .
977 3998 1225 4069 πολιήτας
1249 4017 1305 4052 ει
1344 3998 1444 4051 πολ
1463 4018 1555 4058 τας
1613 4002 1636 4065 ΙΙ
1696 4002 1743 4052 9.
1789 4000 2011 4070 ἔπεμψεν
2037 3999 2063 4053 ὁ
2097 4000 2195 4063 Ob,
2229 4000 2425 4071 ἔπεμψε

160 4062 307 4125 ὁΔΒ,
338 4065 456 4119 sine
483 4084 546 4136 με
572 4068 787 4137 utrique
823 4070 847 4133 ΙΙ
879 4068 908 4121 ὁ
934 4067 1262 4122 οω.Α,Βοἱ>
1298 4069 1320 4132 ΙΙ
1361 4069 1438 4120 10.
1465 4067 1708 4138 βασιλῆος
1730 4085 1757 4119 z
1793 4070 1815 4134 ΙΙ
1862 4070 1938 4119 11.
1972 4067 2169 4137 μᾶλλον
2195 4068 2377 4121 om.R

157 4134 490 4205 κατυπέρτερα
514 4136 572 4189 R
617 4137 639 4200 ΙΙ
653 4135 921 4257 gateiha
945 4136 1022 4193 Pz
1068 4138 1091 4202 ΙΙ
1143 4138 1222 4189 12.
1255 4135 1602 4205 βούλονταιΙέ
1647 4139 1674 4203 ΙΙ
1723 4138 1801 4189 13.
1831 4137 2118 4221 καταρρωιδ
2158 4137 2303 4197 κότες
2327 4136 2381 4188 Ρ

164 4199 235 4253 14.
265 4201 407 4273 ἔργον
433 4204 633 4257 πάντων
707 4224 751 4269 z,
794 4222 900 4259 om.
932 4208 960 4260 b
998 4206 1021 4271 ΙΙ
1065 4207 1147 4256 15.
1177 4204 1341 4259 οὐτέτι
1365 4205 1743 4275 ἀντιστήσονται
1767 4206 1843 4259 Ε.
1883 4203 1973 4259 οὔτ
2021 4202 2097 4261 ἔτι
2190 4204 2376 4259 haefer

165 4269 236 4319 15·
274 4270 327 4329 τί
354 4289 509 4342 σφεας
532 4274 646 4326 ΑΒ
706 4275 729 4339 11
782 4273 978 4332 τούςτε
1003 4277 1032 4327 ⁶?
1086 4275 1108 4339 ΙΙ
1172 4275 1251 4325 17.
1296 4274 1434 4344 σφίσι
1459 4274 1689 4344 σημάνας
1715 4277 1744 4331 b
1793 4277 1815 4340 Η
1867 4275 1948 4327 18.
1989 4273 2223 4335 ἐκποδῶν
2247 4276 2362 4331 ΑΒ

162 4334 503 4429 ἀπηλλάσσετο
530 4342 588 4394 R
633 4344 659 4408 [1
702 4342 899 4414 ἐγένετο
924 4359 952 4394 z
998 4344 1021 4409 ΙΙ
1072 4343 1152 4393 19.
1194 4341 1266 4403 εἰς
1292 4341 1386 4396 ste
1425 4342 1481 4395 h.
1545 4345 1567 4407 ΙΙ
1624 4342 1902 4413 νησίδαῬε
1947 4346 1969 4408 ΙΙ
2054 4342 2288 4396 υτάλειαν
2321 4342 2366 4395 0

162 4404 783 4548 Ψιῖῗέῗΐιῖξξὶέὲὲ.
808 4413 892 4533 ²13·
911 4409 1363 4546 u‘zssffaestffpssa.
1395 4409 2424 4552 mssssg03⁷3²530³53322⁰m÷5332ffl33ffl
