<?xml version="1.0" encoding="UTF-8"?>
<!DOCTYPE html PUBLIC "-//W3C//DTD XHTML 1.0 Transitional//EN"
    "http://www.w3.org/TR/xhtml1/DTD/xhtml1-transitional.dtd">
<html xmlns="http://www.w3.org/1999/xhtml" xml:lang="en" lang="en">
 <head>
  <title>
</title>
<meta http-equiv="Content-Type" content="text/html;charset=utf-8" />
  <meta name='ocr-system' content='tesseract 3.04.00' />
  <meta name='ocr-capabilities' content='ocr_page ocr_carea ocr_par ocr_line ocrx_word'/>
</head>
<body>
  <div class='ocr_page' id='page_1' title='image "./herodotihistori00unkngoog_0691.png"; bbox 0 0 3059 5125; ppageno 0'>
   <div class='ocr_carea' id='block_1_1' title="bbox 1091 321 2431 387">
    <p class='ocr_par' dir='ltr' id='par_1_1' title="bbox 1091 321 2431 387">
     <span class='ocr_line' id='line_1_1' title="bbox 1091 321 2431 387; baseline 0.007 -15"><span class='ocrx_word' id='word_1_1' title='bbox 1091 325 1496 387; x_wconf 77' lang='lat' dir='ltr'><strong>-z-</strong></span> <span class='ocrx_word' id='word_1_2' title='bbox 2310 321 2431 383; x_wconf 81' lang='lat'><strong>139</strong></span> 
     </span>
    </p>
   </div>
   <div class='ocr_carea' id='block_1_2' title="bbox 90 496 2565 3107">
    <p class='ocr_par' dir='ltr' id='par_1_2' title="bbox 179 496 2565 956">
     <span class='ocr_line' id='line_1_2' title="bbox 179 496 2431 597; baseline -0.003 -27"><span class='ocrx_word' id='word_1_3' title='bbox 179 496 481 596; x_wconf 77' lang='grc' dir='ltr'><strong>ἀληθέως</strong></span> <span class='ocrx_word' id='word_1_4' title='bbox 546 500 723 597; x_wconf 81' lang='grc' dir='ltr'><strong>ἧσαν</strong></span> <span class='ocrx_word' id='word_1_5' title='bbox 789 500 854 571; x_wconf 80' lang='grc' dir='ltr'><strong>οί</strong></span> <span class='ocrx_word' id='word_1_6' title='bbox 916 500 1042 597; x_wconf 81' lang='grc' dir='ltr'><strong>τὴν</strong></span> <span class='ocrx_word' id='word_1_7' title='bbox 1099 496 1363 596; x_wconf 90' lang='grc' dir='ltr'><strong>Πυθίην</strong></span> <span class='ocrx_word' id='word_1_8' title='bbox 1414 496 1895 597; x_wconf 69' lang='grc' dir='ltr'>ἀναπείσαντες</span> <span class='ocrx_word' id='word_1_9' title='bbox 1943 499 2431 594; x_wconf 74' lang='grc' dir='ltr'><strong>προσημαίνειν</strong></span> 
     </span>
     <span class='ocr_line' id='line_1_3' title="bbox 184 605 2428 716; baseline -0.003 -26"><span class='ocrx_word' id='word_1_10' title='bbox 184 614 752 711; x_wconf 80' lang='grc' dir='ltr'><strong>Λακεδαιμονίοισι</strong></span> <span class='ocrx_word' id='word_1_11' title='bbox 801 617 1198 716; x_wconf 68' lang='grc' dir='ltr'><strong>ἐλευθεροῦν</strong></span> <span class='ocrx_word' id='word_1_12' title='bbox 1246 615 1363 698; x_wconf 84' lang='grc' dir='ltr'><strong>τὰς</strong></span> <span class='ocrx_word' id='word_1_13' title='bbox 1389 605 1738 715; x_wconf 81' lang='grc' dir='ltr'><strong>Ἀθήνας,</strong></span> <span class='ocrx_word' id='word_1_14' title='bbox 1796 617 1896 697; x_wconf 80' lang='grc' dir='ltr'><strong>ὥς</strong></span> <span class='ocrx_word' id='word_1_15' title='bbox 1946 642 2058 709; x_wconf 90' lang='grc' dir='ltr'><strong>μοι</strong></span> <span class='ocrx_word' id='word_1_16' title='bbox 2104 618 2428 714; x_wconf 87' lang='grc' dir='ltr'><strong>πρότερον</strong></span> 
     </span>
     <span class='ocr_line' id='line_1_4' title="bbox 182 721 2565 836; baseline -0.002 -27"><span class='ocrx_word' id='word_1_17' title='bbox 182 735 558 835; x_wconf 78' lang='grc' dir='ltr'><strong>δεδήλωται.</strong></span> <span class='ocrx_word' id='word_1_18' title='bbox 650 734 830 810; x_wconf 83' lang='grc' dir='ltr'><strong>ἀλλὰ</strong></span> <span class='ocrx_word' id='word_1_19' title='bbox 888 736 1016 836; x_wconf 82' lang='grc' dir='ltr'><strong>γὰρ</strong></span> <span class='ocrx_word' id='word_1_20' title='bbox 1082 736 1248 819; x_wconf 82' lang='grc' dir='ltr'><strong>ἴσως</strong></span> <span class='ocrx_word' id='word_1_21' title='bbox 1320 761 1384 809; x_wconf 89' lang='grc' dir='ltr'><strong>τι</strong></span> <span class='ocrx_word' id='word_1_22' title='bbox 1451 734 1985 832; x_wconf 67' lang='grc' dir='ltr'><strong>ἐπιμεμφόμενοι</strong></span> <span class='ocrx_word' id='word_1_23' title='bbox 2032 721 2565 832; x_wconf 83' lang='grc' dir='ltr'><strong>Ἀθηναίων124</strong></span> 
     </span>
     <span class='ocr_line' id='line_1_5' title="bbox 181 853 2429 956; baseline -0.003 -27"><span class='ocrx_word' id='word_1_24' title='bbox 181 858 272 952; x_wconf 78' lang='grc' dir='ltr'><strong>τῷ</strong></span> <span class='ocrx_word' id='word_1_25' title='bbox 309 856 501 955; x_wconf 74' lang='grc' dir='ltr'><strong>δήμῳ</strong></span> <span class='ocrx_word' id='word_1_26' title='bbox 534 855 976 955; x_wconf 81' lang='grc' dir='ltr'><strong>προεδίδοσαν</strong></span> <span class='ocrx_word' id='word_1_27' title='bbox 1009 860 1135 956; x_wconf 83' lang='grc' dir='ltr'><strong>τὴν</strong></span> <span class='ocrx_word' id='word_1_28' title='bbox 1169 855 1480 955; x_wconf 80' lang='grc' dir='ltr'><strong>πατρίδα.</strong></span> <span class='ocrx_word' id='word_1_29' title='bbox 1570 855 1649 927; x_wconf 86' lang='grc' dir='ltr'><strong>οὐ</strong></span> <span class='ocrx_word' id='word_1_30' title='bbox 1696 853 1817 951; x_wconf 75' lang='grc' dir='ltr'><strong>μὲν</strong></span> <span class='ocrx_word' id='word_1_31' title='bbox 1854 854 1948 927; x_wconf 81' lang='grc' dir='ltr'><strong>ὧν</strong></span> <span class='ocrx_word' id='word_1_32' title='bbox 1985 854 2161 955; x_wconf 80' lang='grc' dir='ltr'><strong>ἧσάν</strong></span> <span class='ocrx_word' id='word_1_33' title='bbox 2202 879 2429 952; x_wconf 87' lang='grc' dir='ltr'><strong>σφεων</strong></span> 
     </span>
    </p>

    <p class='ocr_par' dir='ltr' id='par_1_3' title="bbox 113 964 2429 1553">
     <span class='ocr_line' id='line_1_6' title="bbox 113 964 2429 1076; baseline 0.001 -34"><span class='ocrx_word' id='word_1_34' title='bbox 113 995 148 1042; x_wconf 83' lang='lat'>5</span> <span class='ocrx_word' id='word_1_35' title='bbox 183 973 358 1047; x_wconf 79' lang='grc' dir='ltr'><strong>ἄλλοι</strong></span> <span class='ocrx_word' id='word_1_36' title='bbox 404 975 841 1075; x_wconf 81' lang='grc' dir='ltr'><strong>δοκιμώτεροι</strong></span> <span class='ocrx_word' id='word_1_37' title='bbox 897 974 967 1047; x_wconf 84' lang='grc' dir='ltr'><strong>ἔν</strong></span> <span class='ocrx_word' id='word_1_38' title='bbox 1017 1001 1094 1075; x_wconf 82' lang='grc' dir='ltr'><strong>γε</strong></span> <span class='ocrx_word' id='word_1_39' title='bbox 1121 964 1553 1076; x_wconf 87' lang='grc' dir='ltr'><strong>Ἀθηναίοισι</strong></span> <span class='ocrx_word' id='word_1_40' title='bbox 1589 972 1846 1074; x_wconf 80' lang='grc' dir='ltr'><strong>ἄνδρες,</strong></span> <span class='ocrx_word' id='word_1_41' title='bbox 1886 968 2024 1048; x_wconf 78' lang='grc' dir='ltr'><strong>οὐδ’</strong></span> <span class='ocrx_word' id='word_1_42' title='bbox 2073 974 2138 1048; x_wconf 80' lang='grc' dir='ltr'><strong>οἳ</strong></span> <span class='ocrx_word' id='word_1_43' title='bbox 2175 973 2429 1069; x_wconf 83' lang='grc' dir='ltr'><strong>μᾶλλον</strong></span> 
     </span>
     <span class='ocr_line' id='line_1_7' title="bbox 183 1089 2426 1195; baseline -0.002 -26"><span class='ocrx_word' id='word_1_44' title='bbox 183 1095 557 1189; x_wconf 80' lang='grc' dir='ltr'><strong>ἐτετιμέατο.</strong></span> <span class='ocrx_word' id='word_1_45' title='bbox 647 1093 828 1167; x_wconf 80' lang='grc' dir='ltr'><strong>οὕτω</strong></span> <span class='ocrx_word' id='word_1_46' title='bbox 881 1093 1039 1168; x_wconf 75' lang='grc' dir='ltr'><strong>οὐδὲ</strong></span> <span class='ocrx_word' id='word_1_47' title='bbox 1096 1095 1297 1192; x_wconf 90' lang='grc' dir='ltr'><strong>λόγος</strong></span> <span class='ocrx_word' id='word_1_48' title='bbox 1346 1093 1554 1193; x_wconf 78' lang='grc' dir='ltr'><strong>αἱρέει</strong></span> <span class='ocrx_word' id='word_1_49' title='bbox 1602 1092 2065 1195; x_wconf 81' lang='grc' dir='ltr'><strong>ἀναδεχθῆναι</strong></span> <span class='ocrx_word' id='word_1_50' title='bbox 2120 1093 2197 1166; x_wconf 81' lang='grc' dir='ltr'><strong>ἔκ</strong></span> <span class='ocrx_word' id='word_1_51' title='bbox 2231 1119 2309 1191; x_wconf 85' lang='grc' dir='ltr'><strong>γε</strong></span> <span class='ocrx_word' id='word_1_52' title='bbox 2345 1089 2426 1166; x_wconf 85' lang='grc' dir='ltr'><strong>ἂν</strong></span> 
     </span>
     <span class='ocr_line' id='line_1_8' title="bbox 183 1210 2426 1313; baseline -0.001 -27"><span class='ocrx_word' id='word_1_53' title='bbox 183 1216 410 1286; x_wconf 87' lang='grc' dir='ltr'><strong>τούτων</strong></span> <span class='ocrx_word' id='word_1_54' title='bbox 460 1212 712 1288; x_wconf 82' lang='grc' dir='ltr'><strong>ἀσπίδα</strong></span> <span class='ocrx_word' id='word_1_55' title='bbox 761 1212 874 1287; x_wconf 75' lang='grc' dir='ltr'><strong>ἐπὶ</strong></span> <span class='ocrx_word' id='word_1_56' title='bbox 909 1216 1192 1312; x_wconf 81' lang='grc' dir='ltr'><strong>τοιούτῳ</strong></span> <span class='ocrx_word' id='word_1_57' title='bbox 1227 1213 1432 1311; x_wconf 82' lang='grc' dir='ltr'><strong>λόγῳ.</strong></span> <span class='ocrx_word' id='word_1_58' title='bbox 1505 1211 1846 1313; x_wconf 82' lang='grc' dir='ltr'><strong>ἀνεδέχθη</strong></span> <span class='ocrx_word' id='word_1_59' title='bbox 1889 1212 2009 1309; x_wconf 79' lang='grc' dir='ltr'><strong>μὲν</strong></span> <span class='ocrx_word' id='word_1_60' title='bbox 2039 1214 2169 1313; x_wconf 84' lang='grc' dir='ltr'><strong>γὰρ</strong></span> <span class='ocrx_word' id='word_1_61' title='bbox 2204 1210 2426 1299; x_wconf 82' lang='grc' dir='ltr'><strong>ἀσπίς,</strong></span> 
     </span>
     <span class='ocr_line' id='line_1_9' title="bbox 183 1331 2428 1433; baseline -0.001 -27"><span class='ocrx_word' id='word_1_62' title='bbox 183 1337 276 1406; x_wconf 75' lang='grc' dir='ltr'><strong>καὶ</strong></span> <span class='ocrx_word' id='word_1_63' title='bbox 305 1338 494 1407; x_wconf 83' lang='grc' dir='ltr'><strong>τοῦτο</strong></span> <span class='ocrx_word' id='word_1_64' title='bbox 545 1332 670 1407; x_wconf 81' lang='grc' dir='ltr'><strong>οὐκ</strong></span> <span class='ocrx_word' id='word_1_65' title='bbox 727 1331 872 1405; x_wconf 83' lang='grc' dir='ltr'><strong>ἔστι</strong></span> <span class='ocrx_word' id='word_1_66' title='bbox 915 1331 1145 1415; x_wconf 84' lang='grc' dir='ltr'><strong>ἄλλως</strong></span> <span class='ocrx_word' id='word_1_67' title='bbox 1190 1335 1435 1407; x_wconf 76' lang='grc' dir='ltr'><strong>εἰπεῖν·</strong></span> <span class='ocrx_word' id='word_1_68' title='bbox 1525 1334 1789 1431; x_wconf 79' lang='grc' dir='ltr'><strong>ἐγένετο</strong></span> <span class='ocrx_word' id='word_1_69' title='bbox 1843 1332 2003 1433; x_wconf 87' lang='grc' dir='ltr'><strong>γάρ·</strong></span> <span class='ocrx_word' id='word_1_70' title='bbox 2085 1334 2162 1415; x_wconf 80' lang='grc' dir='ltr'><strong>ὃς</strong></span> <span class='ocrx_word' id='word_1_71' title='bbox 2199 1332 2428 1426; x_wconf 84' lang='grc' dir='ltr'><strong>μέντοι</strong></span> 
     </span>
     <span class='ocr_line' id='line_1_10' title="bbox 181 1451 2033 1553; baseline 0.002 -31"><span class='ocrx_word' id='word_1_72' title='bbox 181 1455 258 1552; x_wconf 76' lang='grc' dir='ltr'><strong>ἧν</strong></span> <span class='ocrx_word' id='word_1_73' title='bbox 291 1453 326 1524; x_wconf 80' lang='grc' dir='ltr'><strong>ὃ</strong></span> <span class='ocrx_word' id='word_1_74' title='bbox 357 1451 696 1542; x_wconf 78' lang='grc' dir='ltr'><strong>ἀναδέξας,</strong></span> <span class='ocrx_word' id='word_1_75' title='bbox 729 1451 854 1524; x_wconf 87' lang='grc' dir='ltr'><strong>ούκ</strong></span> <span class='ocrx_word' id='word_1_76' title='bbox 888 1451 1036 1550; x_wconf 72' lang='grc' dir='ltr'><strong>ἔχω</strong></span> <span class='ocrx_word' id='word_1_77' title='bbox 1068 1451 1482 1553; x_wconf 75' lang='grc' dir='ltr'><strong>προσωτέρω</strong></span> <span class='ocrx_word' id='word_1_78' title='bbox 1516 1454 1724 1528; x_wconf 77' lang='grc' dir='ltr'><strong>εἰπεῖν</strong></span> <span class='ocrx_word' id='word_1_79' title='bbox 1760 1455 2033 1527; x_wconf 91' lang='grc' dir='ltr'><strong>τούτων.</strong></span> 
     </span>
    </p>

    <p class='ocr_par' dir='ltr' id='par_1_4' title="bbox 90 1561 2564 2151">
     <span class='ocr_line' id='line_1_11' title="bbox 90 1561 2564 1673; baseline 0 -31"><span class='ocrx_word' id='word_1_80' title='bbox 90 1592 145 1642; x_wconf 88' lang='grc' dir='ltr'><strong>ιο</strong></span> <span class='ocrx_word' id='word_1_81' title='bbox 294 1570 366 1646; x_wconf 78' lang='grc' dir='ltr'><strong>Οἱ</strong></span> <span class='ocrx_word' id='word_1_82' title='bbox 399 1571 473 1646; x_wconf 77' lang='grc' dir='ltr'><strong>δὲ</strong></span> <span class='ocrx_word' id='word_1_83' title='bbox 495 1561 996 1667; x_wconf 80' lang='grc' dir='ltr'><strong>Ἀλκμεωνίδαι</strong></span> <span class='ocrx_word' id='word_1_84' title='bbox 1029 1574 1206 1673; x_wconf 83' lang='grc' dir='ltr'><strong>ἦσαν</strong></span> <span class='ocrx_word' id='word_1_85' title='bbox 1246 1570 1366 1668; x_wconf 82' lang='grc' dir='ltr'><strong>μὲν</strong></span> <span class='ocrx_word' id='word_1_86' title='bbox 1401 1575 1509 1647; x_wconf 86' lang='grc' dir='ltr'><strong>καὶ</strong></span> <span class='ocrx_word' id='word_1_87' title='bbox 1545 1572 1628 1647; x_wconf 82' lang='grc' dir='ltr'><strong>τὰ</strong></span> <span class='ocrx_word' id='word_1_88' title='bbox 1663 1570 1987 1647; x_wconf 79' lang='grc' dir='ltr'><strong>ἀνέκαθεν</strong></span> <span class='ocrx_word' id='word_1_89' title='bbox 2026 1573 2323 1673; x_wconf 82' lang='grc' dir='ltr'><strong>λαμπροὶ</strong></span> <span class='ocrx_word' id='word_1_90' title='bbox 2359 1573 2564 1647; x_wconf 80' lang='grc' dir='ltr'><strong>ἐν125</strong></span> 
     </span>
     <span class='ocr_line' id='line_1_12' title="bbox 179 1681 2425 1792; baseline -0.001 -26"><span class='ocrx_word' id='word_1_91' title='bbox 179 1695 320 1791; x_wconf 80' lang='grc' dir='ltr'><strong>τῇσι</strong></span> <span class='ocrx_word' id='word_1_92' title='bbox 341 1681 692 1792; x_wconf 79' lang='grc' dir='ltr'><strong>Ἀθήνῃσι,</strong></span> <span class='ocrx_word' id='word_1_93' title='bbox 731 1689 866 1766; x_wconf 82' lang='grc' dir='ltr'><strong>ἀπὸ</strong></span> <span class='ocrx_word' id='word_1_94' title='bbox 900 1690 979 1765; x_wconf 75' lang='grc' dir='ltr'><strong>δὲ</strong></span> <span class='ocrx_word' id='word_1_95' title='bbox 1003 1681 1431 1786; x_wconf 77' lang='grc' dir='ltr'><strong>Ἀλκμέωνος</strong></span> <span class='ocrx_word' id='word_1_96' title='bbox 1473 1696 1584 1767; x_wconf 86' lang='grc' dir='ltr'><strong>καὶ</strong></span> <span class='ocrx_word' id='word_1_97' title='bbox 1620 1695 1806 1776; x_wconf 82' lang='grc' dir='ltr'><strong>αὖτις</strong></span> <span class='ocrx_word' id='word_1_98' title='bbox 1844 1689 2239 1792; x_wconf 80' lang='grc' dir='ltr'><strong>Μεγακλέος</strong></span> <span class='ocrx_word' id='word_1_99' title='bbox 2276 1692 2425 1790; x_wconf 78' lang='grc' dir='ltr'><strong>ἐγέ-</strong></span> 
     </span>
     <span class='ocr_line' id='line_1_13' title="bbox 180 1806 2428 1913; baseline 0.002 -32"><span class='ocrx_word' id='word_1_100' title='bbox 180 1836 356 1884; x_wconf 85' lang='grc' dir='ltr'><strong>νοντο</strong></span> <span class='ocrx_word' id='word_1_101' title='bbox 393 1814 500 1885; x_wconf 84' lang='grc' dir='ltr'><strong>καὶ</strong></span> <span class='ocrx_word' id='word_1_102' title='bbox 535 1810 744 1912; x_wconf 90' lang='grc' dir='ltr'><strong>κάρτα</strong></span> <span class='ocrx_word' id='word_1_103' title='bbox 781 1812 1099 1911; x_wconf 87' lang='grc' dir='ltr'><strong>λαμπροί.</strong></span> <span class='ocrx_word' id='word_1_104' title='bbox 1191 1817 1388 1885; x_wconf 81' lang='grc' dir='ltr'><strong>τοῦτο</strong></span> <span class='ocrx_word' id='word_1_105' title='bbox 1432 1811 1555 1908; x_wconf 73' lang='grc' dir='ltr'><strong>μὲν</strong></span> <span class='ocrx_word' id='word_1_106' title='bbox 1592 1812 1716 1913; x_wconf 77' lang='grc' dir='ltr'><strong>γὰρ</strong></span> <span class='ocrx_word' id='word_1_107' title='bbox 1740 1806 2085 1908; x_wconf 85' lang='grc' dir='ltr'><strong>Ἀλκμέων</strong></span> <span class='ocrx_word' id='word_1_108' title='bbox 2122 1813 2159 1883; x_wconf 79' lang='grc' dir='ltr'><strong>ὁ</strong></span> <span class='ocrx_word' id='word_1_109' title='bbox 2190 1808 2428 1909; x_wconf 87' lang='grc' dir='ltr'><strong>Μεγα-</strong></span> 
     </span>
     <span class='ocr_line' id='line_1_14' title="bbox 181 1929 2428 2032; baseline 0 -29"><span class='ocrx_word' id='word_1_110' title='bbox 181 1930 355 2013; x_wconf 93' lang='grc' dir='ltr'><strong>κλέος</strong></span> <span class='ocrx_word' id='word_1_111' title='bbox 384 1934 557 2006; x_wconf 86' lang='grc' dir='ltr'><strong>τοῖσι</strong></span> <span class='ocrx_word' id='word_1_112' title='bbox 593 1932 669 2004; x_wconf 79' lang='grc' dir='ltr'><strong>ἐκ</strong></span> <span class='ocrx_word' id='word_1_113' title='bbox 692 1930 999 2030; x_wconf 86' lang='grc' dir='ltr'><strong>Σαρδίων</strong></span> <span class='ocrx_word' id='word_1_114' title='bbox 1027 1929 1309 2005; x_wconf 82' lang='grc' dir='ltr'><strong>Λυδοῖσι</strong></span> <span class='ocrx_word' id='word_1_115' title='bbox 1343 1933 1527 2032; x_wconf 77' lang='grc' dir='ltr'><strong>παρὰ</strong></span> <span class='ocrx_word' id='word_1_116' title='bbox 1560 1929 1857 2032; x_wconf 85' lang='grc' dir='ltr'><strong>Κροίσου</strong></span> <span class='ocrx_word' id='word_1_117' title='bbox 1894 1930 2428 2026; x_wconf 74' lang='grc' dir='ltr'><strong>ἀπικνεομένοισι</strong></span> 
     </span>
     <span class='ocr_line' id='line_1_15' title="bbox 179 2048 2429 2151; baseline 0 -29"><span class='ocrx_word' id='word_1_118' title='bbox 179 2049 279 2122; x_wconf 76' lang='grc' dir='ltr'><strong>ἐπὶ</strong></span> <span class='ocrx_word' id='word_1_119' title='bbox 307 2053 377 2123; x_wconf 80' lang='grc' dir='ltr'><strong>τὸ</strong></span> <span class='ocrx_word' id='word_1_120' title='bbox 404 2055 824 2151; x_wconf 77' lang='grc' dir='ltr'><strong>χρηστήριον</strong></span> <span class='ocrx_word' id='word_1_121' title='bbox 858 2053 936 2123; x_wconf 84' lang='grc' dir='ltr'><strong>τὸ</strong></span> <span class='ocrx_word' id='word_1_122' title='bbox 971 2049 1044 2124; x_wconf 80' lang='grc' dir='ltr'><strong>ἐν</strong></span> <span class='ocrx_word' id='word_1_123' title='bbox 1071 2048 1396 2148; x_wconf 81' lang='grc' dir='ltr'><strong>Δελφοῖσι</strong></span> <span class='ocrx_word' id='word_1_124' title='bbox 1432 2056 1889 2151; x_wconf 81' lang='grc' dir='ltr'><strong>συμπρήκτωρ</strong></span> <span class='ocrx_word' id='word_1_125' title='bbox 1924 2077 1998 2125; x_wconf 89' lang='grc' dir='ltr'><strong>τε</strong></span> <span class='ocrx_word' id='word_1_126' title='bbox 2032 2052 2283 2149; x_wconf 79' lang='grc' dir='ltr'><strong>ἐγίνετο</strong></span> <span class='ocrx_word' id='word_1_127' title='bbox 2319 2054 2429 2124; x_wconf 82' lang='grc' dir='ltr'><strong>καὶ</strong></span> 
     </span>
    </p>

    <p class='ocr_par' dir='ltr' id='par_1_5' title="bbox 93 2167 2535 2749">
     <span class='ocr_line' id='line_1_16' title="bbox 93 2167 2426 2272; baseline 0.001 -35"><span class='ocrx_word' id='word_1_128' title='bbox 93 2187 148 2237; x_wconf 78' lang='lat'><strong>15</strong></span> <span class='ocrx_word' id='word_1_129' title='bbox 178 2169 614 2272; x_wconf 76' lang='grc' dir='ltr'><strong>συνελάμβανε</strong></span> <span class='ocrx_word' id='word_1_130' title='bbox 671 2169 1078 2269; x_wconf 81' lang='grc' dir='ltr'><strong>προθύμως,</strong></span> <span class='ocrx_word' id='word_1_131' title='bbox 1142 2174 1250 2243; x_wconf 90' lang='grc' dir='ltr'><strong>καί</strong></span> <span class='ocrx_word' id='word_1_132' title='bbox 1320 2197 1432 2265; x_wconf 93' lang='grc' dir='ltr'><strong>μιν</strong></span> <span class='ocrx_word' id='word_1_133' title='bbox 1497 2167 1792 2271; x_wconf 87' lang='grc' dir='ltr'><strong>Κροῖσος</strong></span> <span class='ocrx_word' id='word_1_134' title='bbox 1853 2170 2235 2266; x_wconf 85' lang='grc' dir='ltr'><strong>πυθόμενος</strong></span> <span class='ocrx_word' id='word_1_135' title='bbox 2291 2178 2426 2243; x_wconf 82' lang='grc' dir='ltr'><strong>τῶν</strong></span> 
     </span>
     <span class='ocr_line' id='line_1_17' title="bbox 178 2285 2535 2390; baseline -0 -30"><span class='ocrx_word' id='word_1_136' title='bbox 178 2285 394 2361; x_wconf 77' lang='grc' dir='ltr'><strong>Λυδῶν</strong></span> <span class='ocrx_word' id='word_1_137' title='bbox 446 2298 584 2363; x_wconf 81' lang='grc' dir='ltr'><strong>τῶν</strong></span> <span class='ocrx_word' id='word_1_138' title='bbox 635 2290 732 2386; x_wconf 28' lang='grc' dir='ltr'><strong>ἐς,</strong></span> <span class='ocrx_word' id='word_1_139' title='bbox 755 2289 840 2364; x_wconf 83' lang='grc' dir='ltr'><strong>τὰ</strong></span> <span class='ocrx_word' id='word_1_140' title='bbox 887 2294 1274 2390; x_wconf 76' lang='grc' dir='ltr'><strong>χρηστήρια</strong></span> <span class='ocrx_word' id='word_1_141' title='bbox 1320 2292 1723 2387; x_wconf 83' lang='grc' dir='ltr'><strong>φοιτεόντων</strong></span> <span class='ocrx_word' id='word_1_142' title='bbox 1772 2289 2021 2363; x_wconf 81' lang='grc' dir='ltr'><strong>ἑωυτὸν</strong></span> <span class='ocrx_word' id='word_1_143' title='bbox 2067 2291 2143 2362; x_wconf 82' lang='grc' dir='ltr'><strong>εὖ</strong></span> <span class='ocrx_word' id='word_1_144' title='bbox 2176 2290 2426 2362; x_wconf 80' lang='grc' dir='ltr'><strong>ποιέειν</strong></span> <span class='ocrx_word' id='word_1_145' title='bbox 2514 2303 2535 2321; x_wconf 90' lang='grc'><em>·</em></span> 
     </span>
     <span class='ocr_line' id='line_1_18' title="bbox 183 2406 2428 2509; baseline 0 -27"><span class='ocrx_word' id='word_1_146' title='bbox 183 2408 663 2504; x_wconf 79' lang='grc' dir='ltr'><strong>μεταπέμπεται</strong></span> <span class='ocrx_word' id='word_1_147' title='bbox 730 2409 802 2491; x_wconf 82' lang='grc' dir='ltr'><strong>ές</strong></span> <span class='ocrx_word' id='word_1_148' title='bbox 867 2409 1152 2509; x_wconf 82' lang='grc' dir='ltr'><strong>Σάρδις,</strong></span> <span class='ocrx_word' id='word_1_149' title='bbox 1224 2406 1624 2504; x_wconf 82' lang='grc' dir='ltr'><strong>ἀπικόμενον</strong></span> <span class='ocrx_word' id='word_1_150' title='bbox 1679 2407 1755 2482; x_wconf 75' lang='grc' dir='ltr'><strong>δὲ</strong></span> <span class='ocrx_word' id='word_1_151' title='bbox 1815 2409 2139 2509; x_wconf 86' lang='grc' dir='ltr'><strong>δωρέεται</strong></span> <span class='ocrx_word' id='word_1_152' title='bbox 2194 2412 2428 2508; x_wconf 76' lang='grc' dir='ltr'><strong>χρυσῷ</strong></span> 
     </span>
     <span class='ocr_line' id='line_1_19' title="bbox 179 2525 2429 2628; baseline 0 -29"><span class='ocrx_word' id='word_1_153' title='bbox 179 2528 284 2599; x_wconf 76' lang='grc' dir='ltr'><strong>τὸν</strong></span> <span class='ocrx_word' id='word_1_154' title='bbox 326 2525 400 2604; x_wconf 80' lang='grc' dir='ltr'><strong>ἂν</strong></span> <span class='ocrx_word' id='word_1_155' title='bbox 455 2528 737 2628; x_wconf 87' lang='grc' dir='ltr'><strong>δύνηται</strong></span> <span class='ocrx_word' id='word_1_156' title='bbox 793 2532 894 2628; x_wconf 83' lang='grc' dir='ltr'><strong>τῷ</strong></span> <span class='ocrx_word' id='word_1_157' title='bbox 934 2529 1192 2603; x_wconf 77' lang='grc' dir='ltr'><strong>ἑωυτοῦ</strong></span> <span class='ocrx_word' id='word_1_158' title='bbox 1241 2533 1508 2624; x_wconf 85' lang='grc' dir='ltr'><strong>σώματι</strong></span> <span class='ocrx_word' id='word_1_159' title='bbox 1545 2528 2002 2612; x_wconf 76' lang='grc' dir='ltr'><strong>ἐξενείκασθαι</strong></span> <span class='ocrx_word' id='word_1_160' title='bbox 2038 2529 2316 2611; x_wconf 77' lang='grc' dir='ltr'><strong>ἐσάπαξ.</strong></span> <span class='ocrx_word' id='word_1_161' title='bbox 2392 2529 2429 2600; x_wconf 85' lang='grc' dir='ltr'><strong>ὁ</strong></span> 
     </span>
     <span class='ocr_line' id='line_1_20' title="bbox 179 2641 2426 2749; baseline 0 -30"><span class='ocrx_word' id='word_1_162' title='bbox 179 2647 248 2719; x_wconf 77' lang='grc' dir='ltr'><strong>δὲ</strong></span> <span class='ocrx_word' id='word_1_163' title='bbox 271 2641 599 2743; x_wconf 86' lang='grc' dir='ltr'><strong>Ἀλκμέων</strong></span> <span class='ocrx_word' id='word_1_164' title='bbox 632 2652 805 2748; x_wconf 83' lang='grc' dir='ltr'><strong>πρὸς</strong></span> <span class='ocrx_word' id='word_1_165' title='bbox 837 2652 963 2748; x_wconf 85' lang='grc' dir='ltr'><strong>τὴν</strong></span> <span class='ocrx_word' id='word_1_166' title='bbox 998 2650 1261 2749; x_wconf 79' lang='grc' dir='ltr'><strong>δωρεὴν</strong></span> <span class='ocrx_word' id='word_1_167' title='bbox 1296 2648 1539 2724; x_wconf 78' lang='grc' dir='ltr'><strong>έοῦσαν</strong></span> <span class='ocrx_word' id='word_1_168' title='bbox 1573 2651 1893 2748; x_wconf 86' lang='grc' dir='ltr'><strong>τοιαύτην</strong></span> <span class='ocrx_word' id='word_1_169' title='bbox 1928 2648 2153 2722; x_wconf 84' lang='grc' dir='ltr'><strong>τοιάδε</strong></span> <span class='ocrx_word' id='word_1_170' title='bbox 2189 2647 2426 2746; x_wconf 82' lang='grc' dir='ltr'><strong>ἐπιτη-</strong></span> 
     </span>
    </p>

    <p class='ocr_par' dir='ltr' id='par_1_6' title="bbox 97 2766 2428 3107">
     <span class='ocr_line' id='line_1_21' title="bbox 97 2766 2425 2868; baseline 0.001 -33"><span class='ocrx_word' id='word_1_171' title='bbox 97 2785 153 2834; x_wconf 71' lang='lat'><strong>2⁰</strong></span> <span class='ocrx_word' id='word_1_172' title='bbox 182 2767 398 2850; x_wconf 79' lang='grc' dir='ltr'><strong>δεύσας</strong></span> <span class='ocrx_word' id='word_1_173' title='bbox 439 2766 841 2868; x_wconf 86' lang='grc' dir='ltr'><strong>προσέφερε.</strong></span> <span class='ocrx_word' id='word_1_174' title='bbox 934 2768 1131 2852; x_wconf 77' lang='grc' dir='ltr'><strong>ἐνδὺς</strong></span> <span class='ocrx_word' id='word_1_175' title='bbox 1176 2768 1429 2842; x_wconf 84' lang='grc' dir='ltr'><strong>κιθῶνα</strong></span> <span class='ocrx_word' id='word_1_176' title='bbox 1481 2768 1692 2866; x_wconf 86' lang='grc' dir='ltr'><strong>μέγαν</strong></span> <span class='ocrx_word' id='word_1_177' title='bbox 1744 2771 1853 2842; x_wconf 82' lang='grc' dir='ltr'><strong>καὶ</strong></span> <span class='ocrx_word' id='word_1_178' title='bbox 1903 2769 2152 2841; x_wconf 84' lang='grc' dir='ltr'><strong>κόλπον</strong></span> <span class='ocrx_word' id='word_1_179' title='bbox 2209 2767 2425 2868; x_wconf 85' lang='grc' dir='ltr'><strong>βαθὺν</strong></span> 
     </span>
     <span class='ocr_line' id='line_1_22' title="bbox 184 2886 2425 2987; baseline 0.001 -32"><span class='ocrx_word' id='word_1_180' title='bbox 184 2887 690 2982; x_wconf 83' lang='grc' dir='ltr'><strong>καταλιπόμενος</strong></span> <span class='ocrx_word' id='word_1_181' title='bbox 724 2894 844 2960; x_wconf 81' lang='grc' dir='ltr'><strong>τοῦ</strong></span> <span class='ocrx_word' id='word_1_182' title='bbox 888 2888 1205 2977; x_wconf 79' lang='grc' dir='ltr'><strong>κιθῶνος,</strong></span> <span class='ocrx_word' id='word_1_183' title='bbox 1263 2888 1625 2987; x_wconf 82' lang='grc' dir='ltr'><strong>κοθόρνους</strong></span> <span class='ocrx_word' id='word_1_184' title='bbox 1657 2890 1813 2969; x_wconf 82' lang='grc' dir='ltr'><strong>τοὺς</strong></span> <span class='ocrx_word' id='word_1_185' title='bbox 1848 2886 2110 2986; x_wconf 82' lang='grc' dir='ltr'><strong>εὕρισκε</strong></span> <span class='ocrx_word' id='word_1_186' title='bbox 2145 2886 2425 2985; x_wconf 83' lang='grc' dir='ltr'><strong>εὐρυτά-</strong></span> 
     </span>
     <span class='ocr_line' id='line_1_23' title="bbox 182 3005 2428 3107; baseline -0 -32"><span class='ocrx_word' id='word_1_187' title='bbox 182 3028 315 3085; x_wconf 80' lang='grc' dir='ltr'><strong>τους</strong></span> <span class='ocrx_word' id='word_1_188' title='bbox 357 3007 588 3088; x_wconf 71' lang='grc' dir='ltr'><strong>ἐόντας</strong></span> <span class='ocrx_word' id='word_1_189' title='bbox 637 3006 1198 3106; x_wconf 82' lang='grc' dir='ltr'><strong>ὑποδησάμενος,</strong></span> <span class='ocrx_word' id='word_1_190' title='bbox 1249 3009 1360 3107; x_wconf 84' lang='grc' dir='ltr'><strong>ἤιε</strong></span> <span class='ocrx_word' id='word_1_191' title='bbox 1406 3006 1479 3089; x_wconf 79' lang='grc' dir='ltr'><strong>ἐς</strong></span> <span class='ocrx_word' id='word_1_192' title='bbox 1521 3010 1636 3079; x_wconf 83' lang='grc' dir='ltr'><strong>τὸν</strong></span> <span class='ocrx_word' id='word_1_193' title='bbox 1680 3007 2028 3105; x_wconf 85' lang='grc' dir='ltr'><strong>θησαυρὸν</strong></span> <span class='ocrx_word' id='word_1_194' title='bbox 2078 3005 2150 3086; x_wconf 78' lang='grc' dir='ltr'><strong>ἐς</strong></span> <span class='ocrx_word' id='word_1_195' title='bbox 2197 3007 2311 3076; x_wconf 90' lang='grc' dir='ltr'><strong>τόν</strong></span> <span class='ocrx_word' id='word_1_196' title='bbox 2365 3006 2428 3075; x_wconf 75' lang='grc' dir='ltr'><strong>οἱ</strong></span> 
     </span>
    </p>
   </div>
   <div class='ocr_carea' id='block_1_3' title="bbox 360 3256 2429 3401">
    <p class='ocr_par' dir='ltr' id='par_1_7' title="bbox 360 3256 2429 3401">
     <span class='ocr_line' id='line_1_24' title="bbox 460 3256 2429 3333; baseline -0.002 -20"><span class='ocrx_word' id='word_1_197' title='bbox 460 3258 620 3314; x_wconf 79' lang='grc' dir='ltr'><strong>πόθεν</strong></span> <span class='ocrx_word' id='word_1_198' title='bbox 643 3256 775 3315; x_wconf 89' lang='grc' dir='ltr'><strong>Ἀλκ</strong></span> <span class='ocrx_word' id='word_1_199' title='bbox 842 3259 1021 3314; x_wconf 82' lang='grc' dir='ltr'><strong>ωνίδαι</strong></span> <span class='ocrx_word' id='word_1_200' title='bbox 1064 3259 1279 3333; x_wconf 83' lang='grc' dir='ltr'><strong>μεγάλοι</strong></span> <span class='ocrx_word' id='word_1_201' title='bbox 1310 3261 1542 3333; x_wconf 84' lang='grc' dir='ltr'><strong>γεγόνασι</strong></span> <span class='ocrx_word' id='word_1_202' title='bbox 1575 3262 1662 3314; x_wconf 82' lang='grc' dir='ltr'><strong>καὶ</strong></span> <span class='ocrx_word' id='word_1_203' title='bbox 1695 3260 1809 3332; x_wconf 79' lang='grc' dir='ltr'><strong>περὶ</strong></span> <span class='ocrx_word' id='word_1_204' title='bbox 1840 3263 1933 3312; x_wconf 82' lang='grc' dir='ltr'><strong>τοῦ</strong></span> <span class='ocrx_word' id='word_1_205' title='bbox 1965 3256 2202 3317; x_wconf 79' lang='grc' dir='ltr'><strong>δοθέντος</strong></span> <span class='ocrx_word' id='word_1_206' title='bbox 2235 3262 2429 3330; x_wconf 83' lang='grc' dir='ltr'><strong>χρυσοῦ</strong></span> 
     </span>
     <span class='ocr_line' id='line_1_25' title="bbox 360 3323 1117 3401; baseline -0.003 -16"><span class='ocrx_word' id='word_1_207' title='bbox 360 3323 746 3401; x_wconf 74' lang='grc' dir='ltr'><strong>τῷἈλκμέωνι</strong></span> <span class='ocrx_word' id='word_1_208' title='bbox 799 3330 866 3383; x_wconf 83' lang='grc' dir='ltr'><strong>πὸ</strong></span> <span class='ocrx_word' id='word_1_209' title='bbox 890 3325 1117 3401; x_wconf 84' lang='grc' dir='ltr'><strong>Κροίσου</strong></span> 
     </span>
    </p>
   </div>
   <div class='ocr_carea' id='block_1_4' title="bbox 273 3557 2431 3796">
    <p class='ocr_par' dir='ltr' id='par_1_8' title="bbox 273 3557 2431 3796">
     <span class='ocr_line' id='line_1_26' title="bbox 362 3557 2430 3704; baseline -0.001 -65"><span class='ocrx_word' id='word_1_210' title='bbox 362 3590 407 3638; x_wconf 85' lang='grc'><strong>7.</strong></span> <span class='ocrx_word' id='word_1_211' title='bbox 459 3585 580 3640; x_wconf 83' lang='grc' dir='ltr'><strong>ἀνεδ</strong></span> <span class='ocrx_word' id='word_1_212' title='bbox 647 3586 719 3658; x_wconf 85' lang='grc' dir='ltr'><strong>θη</strong></span> <span class='ocrx_word' id='word_1_213' title='bbox 758 3617 788 3628; x_wconf 88' lang='lat'>-</span> <span class='ocrx_word' id='word_1_214' title='bbox 823 3589 855 3639; x_wconf 84' lang='lat'>8</span> <span class='ocrx_word' id='word_1_215' title='bbox 891 3586 1056 3640; x_wconf 82' lang='grc' dir='ltr'><strong>είπεῖν</strong></span> <span class='ocrx_word' id='word_1_216' title='bbox 1096 3586 1421 3641; x_wconf 70' lang='lat' dir='ltr'><strong>Plutarchus</strong></span> <span class='ocrx_word' id='word_1_217' title='bbox 1458 3605 1594 3641; x_wconf 87' lang='lat' dir='ltr'><strong>mor.</strong></span> <span class='ocrx_word' id='word_1_218' title='bbox 1693 3628 1705 3639; x_wconf 91' lang='lat'><strong>.</strong></span> <span class='ocrx_word' id='word_1_219' title='bbox 1747 3588 1866 3638; x_wconf 86' lang='grc'><strong>862.</strong></span> <span class='ocrx_word' id='word_1_220' title='bbox 1916 3614 1988 3625; x_wconf 93' lang='grc'>-</span> <span class='ocrx_word' id='word_1_221' title='bbox 2038 3587 2096 3636; x_wconf 79' lang='grc'><strong>17</strong></span> <span class='ocrx_word' id='word_1_222' title='bbox 2124 3603 2243 3704; x_wconf 37' lang='lat' dir='ltr'><strong>oq&amp;</strong></span> <span class='ocrx_word' id='word_1_223' title='bbox 2301 3557 2430 3650; x_wconf 60' lang='lat' dir='ltr'>(Dio</span> 
     </span>
     <span class='ocr_line' id='line_1_27' title="bbox 406 3652 2431 3727; baseline -0.002 -18"><span class='ocrx_word' id='word_1_224' title='bbox 406 3673 449 3709; x_wconf 79' lang='lat' dir='ltr'><strong>s.</strong></span> <span class='ocrx_word' id='word_1_225' title='bbox 485 3656 540 3710; x_wconf 86' lang='lat' dir='ltr'>X</span> <span class='ocrx_word' id='word_1_226' title='bbox 673 3673 725 3727; x_wconf 89' lang='lat' dir='ltr'><strong>p.</strong></span> <span class='ocrx_word' id='word_1_227' title='bbox 762 3658 880 3708; x_wconf 79' lang='grc'><strong>472.</strong></span> <span class='ocrx_word' id='word_1_228' title='bbox 923 3655 1226 3710; x_wconf 81' lang='lat' dir='ltr'>LXXVIII</span> <span class='ocrx_word' id='word_1_229' title='bbox 1248 3674 1301 3727; x_wconf 88' lang='lat' dir='ltr'><strong>p.</strong></span> <span class='ocrx_word' id='word_1_230' title='bbox 1332 3658 1435 3708; x_wconf 91' lang='grc'><strong>426</strong></span> <span class='ocrx_word' id='word_1_231' title='bbox 1461 3656 1530 3710; x_wconf 84' lang='lat' dir='ltr'><strong>R.</strong></span> <span class='ocrx_word' id='word_1_232' title='bbox 1586 3656 1654 3711; x_wconf 80' lang='lat' dir='ltr'><strong>Sc</strong></span> <span class='ocrx_word' id='word_1_233' title='bbox 1696 3654 1768 3708; x_wconf 88' lang='lat' dir='ltr'><strong>ol.</strong></span> <span class='ocrx_word' id='word_1_234' title='bbox 1797 3654 1956 3708; x_wconf 89' lang='lat' dir='ltr'><strong>Pind.</strong></span> <span class='ocrx_word' id='word_1_235' title='bbox 1986 3652 2147 3723; x_wconf 80' lang='lat' dir='ltr'><strong>Pyth.</strong></span> <span class='ocrx_word' id='word_1_236' title='bbox 2233 3652 2333 3716; x_wconf 86' lang='lat'><em>11).</em></span> <span class='ocrx_word' id='word_1_237' title='bbox 2362 3682 2431 3691; x_wconf 92' lang='lat'><strong>—</strong></span> 
     </span>
     <span class='ocr_line' id='line_1_28' title="bbox 273 3721 2162 3796; baseline 0.001 -23"><span class='ocrx_word' id='word_1_238' title='bbox 273 3724 348 3779; x_wconf 86' lang='grc'><strong>20.</strong></span> <span class='ocrx_word' id='word_1_239' title='bbox 429 3725 518 3784; x_wconf 81' lang='grc' dir='ltr'><strong>δὺς</strong></span> <span class='ocrx_word' id='word_1_240' title='bbox 543 3754 572 3765; x_wconf 89' lang='grc'>-</span> <span class='ocrx_word' id='word_1_241' title='bbox 599 3727 662 3777; x_wconf 90' lang='grc'><strong>21</strong></span> <span class='ocrx_word' id='word_1_242' title='bbox 690 3725 913 3783; x_wconf 75' lang='grc' dir='ltr'><strong>κιθῶνος</strong></span> <span class='ocrx_word' id='word_1_243' title='bbox 931 3723 1253 3779; x_wconf 73' lang='lat' dir='ltr'><strong>Euntathiun</strong></span> <span class='ocrx_word' id='word_1_244' title='bbox 1278 3723 1342 3779; x_wconf 89' lang='lat'><strong>11.</strong></span> <span class='ocrx_word' id='word_1_245' title='bbox 1371 3743 1425 3796; x_wconf 85' lang='lat' dir='ltr'><strong>p.</strong></span> <span class='ocrx_word' id='word_1_246' title='bbox 1455 3727 1578 3778; x_wconf 75' lang='lat'><strong>656.</strong></span> <span class='ocrx_word' id='word_1_247' title='bbox 1604 3753 1674 3763; x_wconf 93' lang='lat'><strong>—-</strong></span> <span class='ocrx_word' id='word_1_248' title='bbox 1697 3721 1875 3778; x_wconf 80' lang='lat' dir='ltr'><strong>Schol.</strong></span> <span class='ocrx_word' id='word_1_249' title='bbox 1910 3722 1979 3776; x_wconf 90' lang='lat'><strong>11.</strong></span> <span class='ocrx_word' id='word_1_250' title='bbox 2008 3722 2037 3783; x_wconf 78' lang='grc' dir='ltr'>ζ</span> <span class='ocrx_word' id='word_1_251' title='bbox 2059 3725 2162 3774; x_wconf 84' lang='grc'><strong>400</strong></span> 
     </span>
    </p>
   </div>
   <div class='ocr_carea' id='block_1_5' title="bbox 191 3858 2432 4547">
    <p class='ocr_par' dir='ltr' id='par_1_9' title="bbox 191 3858 2432 4547">
     <span class='ocr_line' id='line_1_29' title="bbox 278 3858 2431 3933; baseline 0 -22"><span class='ocrx_word' id='word_1_252' title='bbox 278 3861 316 3914; x_wconf 85' lang='lat'><strong>1.</strong></span> <span class='ocrx_word' id='word_1_253' title='bbox 351 3862 517 3916; x_wconf 67' lang='grc' dir='ltr'><strong>ἔσανε</strong></span> <span class='ocrx_word' id='word_1_254' title='bbox 562 3866 586 3929; x_wconf 90' lang='grc'><strong>11</strong></span> <span class='ocrx_word' id='word_1_255' title='bbox 633 3866 943 3915; x_wconf 71' lang='lat' dir='ltr'><strong>3.·ttom.z</strong></span> <span class='ocrx_word' id='word_1_256' title='bbox 987 3864 1011 3927; x_wconf 91' lang='grc'><strong>11</strong></span> <span class='ocrx_word' id='word_1_257' title='bbox 1058 3863 1142 3916; x_wconf 73' lang='grc' dir='ltr'><strong>έπι</strong></span> <span class='ocrx_word' id='word_1_258' title='bbox 1212 3861 1547 3933; x_wconf 76' lang='grc' dir='ltr'><strong>μφομένωΒ</strong></span> <span class='ocrx_word' id='word_1_259' title='bbox 1591 3864 1615 3928; x_wconf 87' lang='grc'><strong>11</strong></span> <span class='ocrx_word' id='word_1_260' title='bbox 1660 3858 2113 3930; x_wconf 69' lang='grc' dir='ltr'><strong>τῶνΑθηναίωνκ</strong></span> <span class='ocrx_word' id='word_1_261' title='bbox 2160 3860 2183 3923; x_wconf 89' lang='grc'><strong>11</strong></span> <span class='ocrx_word' id='word_1_262' title='bbox 2231 3858 2431 3911; x_wconf 82' lang='grc' dir='ltr'><strong>5.ούδὲ</strong></span> 
     </span>
     <span class='ocr_line' id='line_1_30' title="bbox 193 3881 2384 3999; baseline 0 -19"><span class='ocrx_word' id='word_1_263' title='bbox 193 3926 312 3980; x_wconf 68' lang='lat' dir='ltr'><strong>Am</strong></span> <span class='ocrx_word' id='word_1_264' title='bbox 345 3934 368 3997; x_wconf 88' lang='grc'><strong>11</strong></span> <span class='ocrx_word' id='word_1_265' title='bbox 407 3935 457 3985; x_wconf 88' lang='grc'><strong>6.</strong></span> <span class='ocrx_word' id='word_1_266' title='bbox 482 3931 772 3999; x_wconf 68' lang='grc' dir='ltr'><strong>ἐτετιμέατο</strong></span> <span class='ocrx_word' id='word_1_267' title='bbox 796 3929 947 3984; x_wconf 73' lang='grc' dir='ltr'><strong>οὕτω.</strong></span> <span class='ocrx_word' id='word_1_268' title='bbox 989 3930 1109 3984; x_wconf 80' lang='grc' dir='ltr'><strong>οὐδὲ</strong></span> <span class='ocrx_word' id='word_1_269' title='bbox 1132 3881 1208 3984; x_wconf 57' lang='grc' dir='ltr'><strong><em>ἴ</em></strong></span> <span class='ocrx_word' id='word_1_270' title='bbox 1229 3930 1465 3985; x_wconf 78' lang='lat' dir='ltr'>correxit</span> <span class='ocrx_word' id='word_1_271' title='bbox 1487 3930 1560 3983; x_wconf 89' lang='grc' dir='ltr'><strong>Η.</strong></span> <span class='ocrx_word' id='word_1_272' title='bbox 1584 3929 1894 3999; x_wconf 74' lang='lat' dir='ltr'><strong>Stephanus</strong></span> <span class='ocrx_word' id='word_1_273' title='bbox 1941 3930 1964 3992; x_wconf 87' lang='grc'><strong>11</strong></span> <span class='ocrx_word' id='word_1_274' title='bbox 2009 3927 2070 3981; x_wconf 78' lang='grc' dir='ltr'><strong>ἅν</strong></span> <span class='ocrx_word' id='word_1_275' title='bbox 2094 3945 2203 3980; x_wconf 91' lang='lat' dir='ltr'><strong>om.</strong></span> <span class='ocrx_word' id='word_1_276' title='bbox 2232 3926 2384 3980; x_wconf 79' lang='lat' dir='ltr'><strong>ABd</strong></span> 
     </span>
     <span class='ocr_line' id='line_1_31' title="bbox 195 3995 2369 4074; baseline -0.001 -23"><span class='ocrx_word' id='word_1_277' title='bbox 195 3995 233 4046; x_wconf 79' lang='grc'><strong>7.</strong></span> <span class='ocrx_word' id='word_1_278' title='bbox 266 3997 442 4071; x_wconf 71' lang='grc' dir='ltr'><strong>ἀνδρῶν</strong></span> <span class='ocrx_word' id='word_1_279' title='bbox 464 3999 710 4054; x_wconf 84' lang='grc' dir='ltr'><strong>τοιούτων</strong></span> <span class='ocrx_word' id='word_1_280' title='bbox 733 3999 942 4053; x_wconf 74' lang='lat' dir='ltr'><strong>Reieke</strong></span> <span class='ocrx_word' id='word_1_281' title='bbox 1000 4002 1024 4064; x_wconf 86' lang='grc'><strong>11</strong></span> <span class='ocrx_word' id='word_1_282' title='bbox 1083 3999 1359 4074; x_wconf 74' lang='grc' dir='ltr'><strong>ἀνεδείγθη</strong></span> <span class='ocrx_word' id='word_1_283' title='bbox 1386 4001 1488 4054; x_wconf 79' lang='lat' dir='ltr'><strong>Rz.</strong></span> <span class='ocrx_word' id='word_1_284' title='bbox 1525 3999 1674 4052; x_wconf 80' lang='lat' dir='ltr'><strong>Plut.</strong></span> <span class='ocrx_word' id='word_1_285' title='bbox 1735 4001 1758 4063; x_wconf 87' lang='grc'><strong>11</strong></span> <span class='ocrx_word' id='word_1_286' title='bbox 1815 3998 1865 4049; x_wconf 88' lang='grc'><strong>9.</strong></span> <span class='ocrx_word' id='word_1_287' title='bbox 1908 3997 2234 4067; x_wconf 71' lang='grc' dir='ltr'><strong>προσωτέρω</strong></span> <span class='ocrx_word' id='word_1_288' title='bbox 2256 3997 2369 4049; x_wconf 80' lang='grc' dir='ltr'><strong>ΑΒ</strong></span> 
     </span>
     <span class='ocr_line' id='line_1_32' title="bbox 191 4064 2378 4138; baseline -0.001 -19"><span class='ocrx_word' id='word_1_289' title='bbox 191 4066 375 4121; x_wconf 72' lang='grc' dir='ltr'><strong>τουτέων</strong></span> <span class='ocrx_word' id='word_1_290' title='bbox 396 4086 422 4120; x_wconf 83' lang='lat' dir='ltr'><em>z</em></span> <span class='ocrx_word' id='word_1_291' title='bbox 468 4071 492 4134; x_wconf 86' lang='grc'><strong>11</strong></span> <span class='ocrx_word' id='word_1_292' title='bbox 543 4071 626 4121; x_wconf 87' lang='grc'><strong>10.</strong></span> <span class='ocrx_word' id='word_1_293' title='bbox 666 4067 998 4136; x_wconf 78' lang='grc' dir='ltr'><strong>ἀλκμεονίδαι</strong></span> <span class='ocrx_word' id='word_1_294' title='bbox 1026 4068 1094 4130; x_wconf 86' lang='grc' dir='ltr'><strong>Β,</strong></span> <span class='ocrx_word' id='word_1_295' title='bbox 1124 4064 1478 4138; x_wconf 76' lang='grc' dir='ltr'><strong>ἀλκμαιονίδαι</strong></span> <span class='ocrx_word' id='word_1_296' title='bbox 1503 4069 1579 4131; x_wconf 81' lang='lat' dir='ltr'><strong>R,</strong></span> <span class='ocrx_word' id='word_1_297' title='bbox 1619 4065 1989 4135; x_wconf 80' lang='grc' dir='ltr'><strong>ἀλκμαιωνίδαι</strong></span> <span class='ocrx_word' id='word_1_298' title='bbox 2023 4064 2083 4116; x_wconf 73' lang='lat' dir='ltr'><strong>dz</strong></span> <span class='ocrx_word' id='word_1_299' title='bbox 2129 4067 2152 4129; x_wconf 89' lang='grc' dir='ltr'><strong>ΙΙ</strong></span> <span class='ocrx_word' id='word_1_300' title='bbox 2212 4064 2331 4117; x_wconf 80' lang='grc' dir='ltr'><strong>ἔσαν</strong></span> <span class='ocrx_word' id='word_1_301' title='bbox 2352 4081 2378 4116; x_wconf 78' lang='lat' dir='ltr'><em>z</em></span> 
     </span>
     <span class='ocr_line' id='line_1_33' title="bbox 201 4132 2432 4206; baseline 0.002 -26"><span class='ocrx_word' id='word_1_302' title='bbox 201 4132 262 4183; x_wconf 82' lang='lat'><strong>11.</strong></span> <span class='ocrx_word' id='word_1_303' title='bbox 294 4135 592 4206; x_wconf 80' lang='grc' dir='ltr'><strong>ἀλκμαίονος</strong></span> <span class='ocrx_word' id='word_1_304' title='bbox 617 4138 703 4200; x_wconf 78' lang='lat' dir='ltr'><strong>R,</strong></span> <span class='ocrx_word' id='word_1_305' title='bbox 743 4135 1098 4205; x_wconf 75' lang='grc' dir='ltr'><strong>Ἀλκμαίωνος</strong></span> <span class='ocrx_word' id='word_1_306' title='bbox 1121 4156 1147 4190; x_wconf 76' lang='lat' dir='ltr'>z</span> <span class='ocrx_word' id='word_1_307' title='bbox 1214 4140 1236 4202; x_wconf 90' lang='grc' dir='ltr'><strong>ΙΙ</strong></span> <span class='ocrx_word' id='word_1_308' title='bbox 1317 4139 1396 4188; x_wconf 95' lang='grc'><strong>12.</strong></span> <span class='ocrx_word' id='word_1_309' title='bbox 1438 4136 1704 4205; x_wconf 81' lang='grc' dir='ltr'><strong>ἀλκμαίων</strong></span> <span class='ocrx_word' id='word_1_310' title='bbox 1729 4134 1811 4187; x_wconf 72' lang='lat'><strong>122</strong></span> <span class='ocrx_word' id='word_1_311' title='bbox 1882 4136 1904 4199; x_wconf 87' lang='grc'><strong>11</strong></span> <span class='ocrx_word' id='word_1_312' title='bbox 1964 4135 2044 4187; x_wconf 83' lang='grc'><strong>13.</strong></span> <span class='ocrx_word' id='word_1_313' title='bbox 2086 4133 2432 4200; x_wconf 79' lang='grc' dir='ltr'><strong>ἀπικομένοισι</strong></span> 
     </span>
     <span class='ocr_line' id='line_1_34' title="bbox 198 4197 2426 4276; baseline -0.004 -18"><span class='ocrx_word' id='word_1_314' title='bbox 198 4197 260 4252; x_wconf 60' lang='grc' dir='ltr'><strong>Β*</strong></span> <span class='ocrx_word' id='word_1_315' title='bbox 296 4206 317 4269; x_wconf 82' lang='grc'><strong>11</strong></span> <span class='ocrx_word' id='word_1_316' title='bbox 360 4207 436 4257; x_wconf 85' lang='grc'><strong>14.</strong></span> <span class='ocrx_word' id='word_1_317' title='bbox 476 4205 678 4276; x_wconf 68' lang='grc' dir='ltr'><strong>ἐγένετο</strong></span> <span class='ocrx_word' id='word_1_318' title='bbox 710 4205 759 4257; x_wconf 84' lang='lat'><em>0</em></span> <span class='ocrx_word' id='word_1_319' title='bbox 799 4209 822 4272; x_wconf 90' lang='grc'><strong>11</strong></span> <span class='ocrx_word' id='word_1_320' title='bbox 876 4208 952 4258; x_wconf 82' lang='grc'><strong>16.</strong></span> <span class='ocrx_word' id='word_1_321' title='bbox 991 4205 1179 4260; x_wconf 81' lang='grc' dir='ltr'><strong>λοιδῶν</strong></span> <span class='ocrx_word' id='word_1_322' title='bbox 1209 4206 1260 4258; x_wconf 86' lang='grc' dir='ltr'><em>Β</em></span> <span class='ocrx_word' id='word_1_323' title='bbox 1305 4208 1328 4271; x_wconf 95' lang='grc' dir='ltr'><strong>ΙΙ</strong></span> <span class='ocrx_word' id='word_1_324' title='bbox 1374 4210 1537 4258; x_wconf 83' lang='grc' dir='ltr'><strong>ποιεῖν</strong></span> <span class='ocrx_word' id='word_1_325' title='bbox 1565 4207 1603 4258; x_wconf 80' lang='lat' dir='ltr'><strong><em>d</em></strong></span> <span class='ocrx_word' id='word_1_326' title='bbox 1645 4208 1667 4270; x_wconf 89' lang='grc'><strong>11</strong></span> <span class='ocrx_word' id='word_1_327' title='bbox 1718 4206 1799 4256; x_wconf 88' lang='grc'><strong>17.</strong></span> <span class='ocrx_word' id='word_1_328' title='bbox 1841 4201 2098 4274; x_wconf 77' lang='grc' dir='ltr'><strong>σάρδειςά</strong></span> <span class='ocrx_word' id='word_1_329' title='bbox 2142 4204 2164 4266; x_wconf 97' lang='grc'><strong>11</strong></span> <span class='ocrx_word' id='word_1_330' title='bbox 2221 4204 2294 4253; x_wconf 88' lang='grc'><strong>18.</strong></span> <span class='ocrx_word' id='word_1_331' title='bbox 2324 4203 2426 4254; x_wconf 84' lang='grc' dir='ltr'><strong>τὸν1</strong></span> 
     </span>
     <span class='ocr_line' id='line_1_35' title="bbox 196 4270 2432 4344; baseline -0.002 -17"><span class='ocrx_word' id='word_1_332' title='bbox 196 4276 274 4320; x_wconf 65' lang='grc' dir='ltr'><strong>ἵῠν</strong></span> <span class='ocrx_word' id='word_1_333' title='bbox 296 4275 417 4343; x_wconf 81' lang='lat' dir='ltr'><strong><em>Bpr.</em></strong></span> <span class='ocrx_word' id='word_1_334' title='bbox 491 4278 514 4341; x_wconf 89' lang='grc'><strong>11</strong></span> <span class='ocrx_word' id='word_1_335' title='bbox 585 4275 831 4335; x_wconf 75' lang='grc' dir='ltr'><strong>ἐξενεῖκαι</strong></span> <span class='ocrx_word' id='word_1_336' title='bbox 853 4291 914 4344; x_wconf 82' lang='lat' dir='ltr'><strong>qz</strong></span> <span class='ocrx_word' id='word_1_337' title='bbox 1000 4278 1022 4340; x_wconf 76' lang='grc'><strong>11</strong></span> <span class='ocrx_word' id='word_1_338' title='bbox 1092 4275 1145 4334; x_wconf 74' lang='grc' dir='ltr'><strong>ές</strong></span> <span class='ocrx_word' id='word_1_339' title='bbox 1180 4273 1315 4335; x_wconf 74' lang='grc' dir='ltr'><strong>ἅπαξ</strong></span> <span class='ocrx_word' id='word_1_340' title='bbox 1345 4273 1404 4338; x_wconf 88' lang='lat' dir='ltr'><strong>C&#39;,</strong></span> <span class='ocrx_word' id='word_1_341' title='bbox 1434 4273 1645 4336; x_wconf 73' lang='grc' dir='ltr'><strong>εἰσάπαξ</strong></span> <span class='ocrx_word' id='word_1_342' title='bbox 1666 4291 1694 4324; x_wconf 82' lang='lat' dir='ltr'><em>z</em></span> <span class='ocrx_word' id='word_1_343' title='bbox 1762 4274 1786 4338; x_wconf 79' lang='grc' dir='ltr'>Ι</span> <span class='ocrx_word' id='word_1_344' title='bbox 1860 4273 1939 4324; x_wconf 86' lang='grc'><strong>19.</strong></span> <span class='ocrx_word' id='word_1_345' title='bbox 1981 4270 2246 4339; x_wconf 79' lang='grc' dir='ltr'><strong>ἀλκμαίων</strong></span> <span class='ocrx_word' id='word_1_346' title='bbox 2272 4271 2357 4323; x_wconf 78' lang='lat' dir='ltr'><strong>Rz</strong></span> <span class='ocrx_word' id='word_1_347' title='bbox 2412 4271 2432 4338; x_wconf 83' lang='grc' dir='ltr'><strong>ΙΙ</strong></span> 
     </span>
     <span class='ocr_line' id='line_1_36' title="bbox 201 4336 2428 4415; baseline -0.002 -22"><span class='ocrx_word' id='word_1_348' title='bbox 201 4336 265 4390; x_wconf 74' lang='lat'><strong>²0.</strong></span> <span class='ocrx_word' id='word_1_349' title='bbox 297 4342 528 4415; x_wconf 70' lang='grc' dir='ltr'><strong>προέφερε</strong></span> <span class='ocrx_word' id='word_1_350' title='bbox 560 4342 645 4396; x_wconf 71' lang='lat' dir='ltr'><strong>Oa</strong></span> <span class='ocrx_word' id='word_1_351' title='bbox 699 4346 723 4408; x_wconf 87' lang='grc'><strong>11</strong></span> <span class='ocrx_word' id='word_1_352' title='bbox 779 4350 973 4415; x_wconf 79' lang='grc' dir='ltr'><strong>χιτῶνα</strong></span> <span class='ocrx_word' id='word_1_353' title='bbox 997 4344 1155 4396; x_wconf 68' lang='lat' dir='ltr'><strong>Eunt.</strong></span> <span class='ocrx_word' id='word_1_354' title='bbox 1216 4347 1238 4409; x_wconf 89' lang='grc'><strong>11</strong></span> <span class='ocrx_word' id='word_1_355' title='bbox 1291 4344 1448 4413; x_wconf 84' lang='grc' dir='ltr'><strong>μέγαν</strong></span> <span class='ocrx_word' id='word_1_356' title='bbox 1474 4360 1583 4394; x_wconf 91' lang='lat' dir='ltr'><strong>om.</strong></span> <span class='ocrx_word' id='word_1_357' title='bbox 1613 4340 1832 4394; x_wconf 56' lang='lat' dir='ltr'><strong>243¹OE</strong></span> <span class='ocrx_word' id='word_1_358' title='bbox 1894 4342 1916 4406; x_wconf 85' lang='grc'><strong>11</strong></span> <span class='ocrx_word' id='word_1_359' title='bbox 1988 4339 2117 4410; x_wconf 79' lang='grc' dir='ltr'><strong>βαθὺ</strong></span> <span class='ocrx_word' id='word_1_360' title='bbox 2151 4339 2224 4400; x_wconf 81' lang='lat'><strong>0,</strong></span> <span class='ocrx_word' id='word_1_361' title='bbox 2269 4338 2428 4390; x_wconf 76' lang='grc' dir='ltr'><strong>πολὺν</strong></span> 
     </span>
     <span class='ocr_line' id='line_1_37' title="bbox 201 4404 2431 4482; baseline -0.002 -19"><span class='ocrx_word' id='word_1_362' title='bbox 201 4404 260 4458; x_wconf 75' lang='grc' dir='ltr'><strong>Β.</strong></span> <span class='ocrx_word' id='word_1_363' title='bbox 283 4408 420 4465; x_wconf 68' lang='lat' dir='ltr'><strong>Euat.</strong></span> <span class='ocrx_word' id='word_1_364' title='bbox 559 4433 620 4465; x_wconf 81' lang='grc' dir='ltr'><strong>αν</strong></span> <span class='ocrx_word' id='word_1_365' title='bbox 645 4411 838 4464; x_wconf 81' lang='grc' dir='ltr'><strong>κόλπον</strong></span> <span class='ocrx_word' id='word_1_366' title='bbox 864 4412 1292 4482; x_wconf 77' lang='grc' dir='ltr'><strong>καταλειπόμενος</strong></span> <span class='ocrx_word' id='word_1_367' title='bbox 1318 4411 1499 4465; x_wconf 84' lang='lat' dir='ltr'>Schol.</span> <span class='ocrx_word' id='word_1_368' title='bbox 1534 4410 1598 4463; x_wconf 86' lang='lat'><strong>11.</strong></span> <span class='ocrx_word' id='word_1_369' title='bbox 1661 4413 1683 4476; x_wconf 90' lang='grc' dir='ltr'><strong>ΙΙ</strong></span> <span class='ocrx_word' id='word_1_370' title='bbox 1740 4411 1822 4461; x_wconf 91' lang='grc'><strong>21.</strong></span> <span class='ocrx_word' id='word_1_371' title='bbox 1903 4416 2079 4467; x_wconf 79' lang='grc' dir='ltr'><strong>ιτῶνος</strong></span> <span class='ocrx_word' id='word_1_372' title='bbox 2103 4407 2174 4460; x_wconf 79' lang='lat' dir='ltr'><strong>R.</strong></span> <span class='ocrx_word' id='word_1_373' title='bbox 2204 4408 2359 4460; x_wconf 56' lang='lat' dir='ltr'>Eusz.</span> <span class='ocrx_word' id='word_1_374' title='bbox 2412 4406 2431 4476; x_wconf 86' lang='grc' dir='ltr'><strong>ΙΙ</strong></span> 
     </span>
     <span class='ocr_line' id='line_1_38' title="bbox 200 4474 1899 4547; baseline 0 -16"><span class='ocrx_word' id='word_1_375' title='bbox 200 4477 428 4547; x_wconf 59' lang='grc' dir='ltr'><strong>ιντύρνους</strong></span> <span class='ocrx_word' id='word_1_376' title='bbox 596 4484 622 4547; x_wconf 89' lang='grc'><strong>11</strong></span> <span class='ocrx_word' id='word_1_377' title='bbox 679 4481 770 4539; x_wconf 69' lang='grc' dir='ltr'><strong>οὓς</strong></span> <span class='ocrx_word' id='word_1_378' title='bbox 794 4479 1008 4546; x_wconf 75' lang='lat' dir='ltr'><em>ABCd,</em></span> <span class='ocrx_word' id='word_1_379' title='bbox 1035 4490 1136 4533; x_wconf 81' lang='grc' dir='ltr'><strong>τῶν</strong></span> <span class='ocrx_word' id='word_1_380' title='bbox 1161 4498 1187 4531; x_wconf 78' lang='lat' dir='ltr'><strong><em>z</em></strong></span> <span class='ocrx_word' id='word_1_381' title='bbox 1234 4483 1257 4545; x_wconf 89' lang='grc'><strong>11</strong></span> <span class='ocrx_word' id='word_1_382' title='bbox 1308 4482 1390 4532; x_wconf 82' lang='lat'><strong>22.</strong></span> <span class='ocrx_word' id='word_1_383' title='bbox 1435 4480 1488 4538; x_wconf 81' lang='grc' dir='ltr'><strong>ές</strong></span> <span class='ocrx_word' id='word_1_384' title='bbox 1512 4479 1570 4530; x_wconf 73' lang='grc' dir='ltr'><strong>ὃν</strong></span> <span class='ocrx_word' id='word_1_385' title='bbox 1594 4479 1645 4531; x_wconf 76' lang='grc' dir='ltr'><strong>οἱ</strong></span> <span class='ocrx_word' id='word_1_386' title='bbox 1667 4479 1831 4532; x_wconf 79' lang='lat' dir='ltr'><strong>ABG</strong></span> <span class='ocrx_word' id='word_1_387' title='bbox 1886 4474 1899 4483; x_wconf 75' lang='grc'>’</span> 
     </span>
    </p>
   </div>
  </div>
 </body>
</html>
