3059 5125
1085 323 1173 332 —
1259 286 1327 349 H
1415 323 1502 333 —
2313 289 2438 351 279

163 458 548 549 Λεωνίδεω,
599 456 910 558 ἀκηκοὼς
945 461 1046 532 ὅτι
1083 459 1399 561 βασιλεύς
1430 485 1501 534 τε
1538 463 1624 561 ἦν
1662 463 1771 533 καὶ
1804 463 2181 560 στρατηγὸς
2218 459 2438 538 Λακε-

164 580 526 673 δαιμονίων
540 637 560 672 ,
611 579 923 656 ἐκέλευσε
971 577 1444 676 ἀποταμόντας
1492 583 1616 679 τὴν
1661 580 1961 678 κεφαλὴν
1997 576 2438 680 ἀνασταυρῶ-

164 725 295 772 σαι.
388 699 571 799 δῆλά
623 725 737 794 μοι
782 700 1093 774 πολλοῖσι
1144 699 1265 795 μὲν
1309 703 1417 773 καὶ
1456 699 1721 774 ἄλλοισι
1755 704 2208 799 τεκμηρίοισι,
2260 700 2330 773 ἐν
2368 698 2443 773 δὲ

164 821 271 896 καὶ
304 819 486 914 τῷδε
523 818 647 891 οὐκ
679 821 925 918 ἥκιστα
961 818 1217 918 γέγονε,
1256 820 1357 892 ὅτι
1393 819 1714 920 βασιλεὺς
1750 816 2009 918 Ξέρξης
2040 819 2311 894 πάντων
2352 821 2439 917 δὴ

105 960 133 1006 5
168 937 459 1033 μάλιστα
508 936 767 1038 ἀνδρῶν
821 938 1151 1038 ἂθυμώθη
1201 940 1402 1022 ζῶντι
1448 937 1759 1038 Λεωνίδῃ
1782 962 1797 977 ·
1891 938 1971 1010 οὐ
2007 937 2132 1038 γὰρ
2168 937 2249 1012 ἄν
2290 966 2442 1013 κοτε

166 1059 233 1139 ἐς
263 1060 381 1131 τὸν
417 1061 654 1158 νεκρὸν
686 1064 898 1132 ταῦτα
926 1063 1403 1157 παρενόμησε,
1461 1058 1610 1131 ἐπεὶ
1661 1062 1856 1152 τιμᾶν
1909 1057 2195 1153 μάλιστα
2244 1063 2439 1153 νομί-

166 1181 353 1259 ζουσι
400 1185 543 1249 τῶν
600 1178 737 1277 ἐγὼ
784 1177 935 1254 οἶδα
985 1175 1368 1278 ἀνθρώπων
1424 1176 1684 1277 Πέρσαι
1730 1177 1979 1277 ἄνδρας
2027 1175 2326 1276 ἀγαθοὺς
2359 1177 2443 1254 τὰ

166 1296 483 1392 πολέμια.
559 1300 623 1370 οἱ
659 1298 779 1393 μὲν
818 1299 903 1398 δὴ
940 1303 1151 1371 ταῦτα
1187 1298 1449 1371 ἐποίευν
1469 1355 1488 1388 ,
1526 1299 1699 1371 τοῖσι
1734 1297 2129 1371 ἐπετέτακτο
2164 1296 2437 1370 ποιέειν.

300 1404 585 1513 Ἀνειμι
619 1415 696 1490 δὲ
731 1416 945 1491 ἐκεῖσε
980 1422 1098 1489 τοῦ
1134 1416 1338 1514 λόγου
1374 1401 1461 1517 fr]
1503 1444 1619 1512 μοι
1669 1419 1743 1490 τὸ
1790 1420 2113 1517 πρότερον
2154 1415 2578 1496 ἐξέλιπε.239

93 1553 137 1603 ¹⁰
168 1538 496 1611 ἐπύθοντο
536 1536 1052 1631 Λακεδαιμόνιοι
1090 1537 1191 1608 ὅτι
1232 1536 1551 1639 βασιλεὺς
1585 1536 1935 1611 στέλλοιτο
1971 1535 2082 1608 ἐπὶ
2114 1539 2240 1636 τὴν
2268 1523 2442 1618 Ἓλ-

169 1658 338 1731 λάδα
375 1665 677 1757 πρῶτοι,
734 1658 843 1728 καὶ
894 1654 1071 1728 οὕτω
1126 1658 1211 1755 δὴ
1251 1656 1323 1739 ἐς
1359 1659 1435 1728 τὸ
1470 1661 1885 1756 χρηστήριον
1922 1657 1997 1727 τὸ
2035 1655 2106 1735 ές
2141 1654 2446 1753 Δελφοὺς

168 1775 613 1875 ἀπέπεμψαν,
660 1775 828 1848 ἔνθα
864 1777 949 1876 δή
989 1803 1107 1872 σφι
1143 1776 1457 1875 ἐχρήσθη
1496 1773 1582 1848 τὰ
1617 1775 1821 1873 ὀλίγῳ
1857 1779 2178 1874 πρότερον
2215 1774 2401 1847 εἶπον
2426 1798 2440 1812 ·

169 1897 498 1972 ἐπύθοντο
545 1894 621 1968 δὲ
671 1899 899 1994 τρόπῳ
940 1896 1337 1993 θωυμασίῳ.
1428 1893 1843 1994 Δημάρητος
1878 1892 2004 1994 γὰρ
2042 1895 2079 1965 ὁ
2106 1882 2443 1993 Ἀρίστω-

168 2044 274 2098 νος
308 2019 544 2116 φυγὼν
580 2014 652 2098 ἐς
688 2011 1007 2116 Μήδους,
1066 2017 1161 2096 ὡς
1211 2013 1328 2110 μὲν
1367 2014 1503 2112 ἐγὼ
1542 2015 1754 2088 δοκέω
1792 2017 1900 2088 καὶ
1950 2015 2025 2085 τὸ
2078 2015 2255 2095 οἰκὸς
2290 2014 2443 2110 ἐμοὶ

92 2135 634 2234 15”συμμα’χεται,
686 2133 807 2205 οὐκ
855 2135 940 2233 ἧν
979 2134 1211 2215 εὔνοος
1248 2132 1868 2230 Λακεδαιμονίοισι,
1921 2135 2202 2232 πάρεστι
2240 2132 2314 2204 δὲ
2348 2134 2444 2205 εί·-

171 2257 382 2338 κάζειν
424 2256 559 2328 εἴτε
595 2254 821 2358 εὐνοίῃ
859 2259 1072 2326 ταῦτα
1106 2254 1390 2353 ἐποίησε
1413 2256 1544 2326 εἴτε
1583 2256 1690 2325 καὶ
1719 2257 2165 2356 καταχαίρων.
2223 2252 2444 2325 ἐπείτε

172 2374 287 2474 γὰρ
339 2373 568 2474 Ξέρξη
628 2372 815 2453 ἔδοξε
872 2375 1390 2471 στρατηλατέειν
1447 2374 1557 2447 ἐπὶ
1610 2377 1732 2472 τὴν
1782 2360 2132 2460 Ἐλλάδα,
2187 2372 2317 2444 ἐὼν
2372 2371 2441 2444 έν

172 2493 485 2569 Σούσοισι
520 2493 557 2565 ὁ
594 2492 1008 2593 Δημάρητος
1058 2495 1165 2565 καὶ
1210 2493 1593 2589 πυθόμενος
1627 2498 1837 2565 ταῦτα
1872 2491 2182 2591 ἠθέλησε
2223 2489 2444 2565 Λακε-
2487 2519 2494 2528 ’

175 2615 569 2710 δαιμονίοισι
626 2613 1020 2712 ἐξαγγεῖλαι.
1109 2611 1338 2694 ἄλλως
1393 2612 1512 2708 μὲν
1580 2612 1665 2712 δὴ
1726 2612 1845 2684 οὐκ
1908 2611 2052 2710 εἶχε
2106 2620 2442 2713 σημῆναι·

91 2751 146 2802 2⁰
177 2734 575 2807 ἐπικίνδυνον
632 2733 759 2832 γὰρ
812 2735 898 2832 ἧν
960 2736 1055 2830 μὴ
1105 2733 1491 2831 λαμφθείη·
1566 2732 1615 2832 ;ὸ
1654 2732 1728 2804 δέ
1767 2735 2157 2830 μηχανᾶται
2194 2732 2441 2803 τοιάδε.

181 2853 423 2926 δελτίον
500 2854 818 2950 δίπτυχον
887 2850 1114 2952 λαβὼν
1178 2856 1290 2927 τὸν
1364 2856 1569 2951 κηρὸν
1644 2851 1849 2924 αὐτοῦ
1914 2850 2266 2949 ἐξέκνησε,
2341 2854 2446 2922 καὶ

181 2971 398 3047 ἔπειτα
435 2973 508 3046 έν
547 2973 650 3069 τῷ
685 2970 861 3068 ξύλῳ
897 2976 1015 3043 τοῦ
1049 2970 1310 3044 δελτίου
1348 2970 1600 3070 ἔγραψε
1637 2973 1760 3069 τὴν
1790 2968 2106 3070 βασιλέος
2138 2975 2445 3068 γνώμην,

478 3208 558 3262 ὅτι
581 3204 889 3280 Δημάρητος
914 3208 1134 3280 ἐμήνυσε
1159 3205 1580 3279 Λακεδαιμονίοις
1605 3208 1836 3279 στρατιὰν
1860 3208 1947 3261 καὶ
1970 3207 2067 3260 τίνι
2087 3209 2263 3280 τρόπῳ

377 3480 424 3531 5.
509 3476 689 3531 άλιστα
713 3507 741 3517 -
766 3474 998 3549 Λεωνίδῃ
1032 3476 1357 3530 Plutarchus
1395 3493 1529 3529 mor.
1562 3493 1612 3547 p.
1644 3478 1763 3529 867.
1807 3505 1867 3515 —
1912 3478 1992 3528 14.
2033 3477 2105 3533 ὡς
2131 3506 2160 3517 -
2193 3478 2251 3525 15
2277 3472 2451 3529 Λακε-

276 3498 574 3617 nonmagna·
608 3545 801 3601 Suidas
836 3563 884 3597 v.
926 3546 1078 3604 εἰκός.
1138 3575 1197 3585 -
1256 3548 1334 3596 15.
1362 3546 1598 3616 ’πάρεστι
1632 3577 1659 3586 -
1704 3547 1766 3596 16
1801 3545 2125 3617 καταχαίρων
2162 3543 2356 3597 ὃυὶιὶασ
2393 3561 2440 3595 v.

276 3615 614 3688 καταχαίρων.
654 3644 723 3700 7
754 3616 837 3667 21.
869 3614 1063 3668 δελτίον
1091 3645 1119 3654 -
1144 3613 1380 3684 ἐξέκνησε
1406 3613 1682 3669 Antonius
1708 3614 1865 3668 Mon.
1895 3632 1947 3685 p.
1981 3615 2097 3665 770.
2141 3611 2336 3666 Suidas
2359 3630 2441 3664 vv.

279 3684 572 3808 ῗξῦτιίοὲσενἐξ
600 3683 866 3806 ξξέτετηξεν.
932 3712 992 3723 -
1056 3685 1113 3735 21
1160 3690 1216 3737 et
1251 3699 1305 3753 p.
1353 3686 1481 3748 280,
1528 3686 1557 3733 7
1605 3683 1763 3748 (idem
1802 3701 1852 3736 v.
1894 3688 2061 3745 κνᾶν).
2126 3713 2194 3720 -
2253 3681 2449 3735 Pollux

283 3892 326 3943 1.
365 3889 635 3946 Λεωνίδεω
659 3891 823 3961 πέριε
882 3893 906 3956 11
966 3889 1059 3955 ὅτι]
1091 3891 1161 3948 ὡς
1188 3889 1263 3942 ὅτι
1290 3888 1482 3944 ABCd
1543 3892 1565 3955 11
1630 3894 1678 3944 2.
1721 3888 1927 3944 ἐκέλευε
1958 3890 2007 3941 (J
2072 3890 2095 3953 11
2167 3892 2216 3940 3.
2257 3887 2311 3940 ἓν
2335 3890 2386 3941 Α
2432 3887 2454 3953 ΙΙ

191 3960 234 4009 4.
259 3960 355 4025 καὶ]
380 3962 467 4014 καὶ
490 3960 557 4029 δὴ
581 3978 609 4012 z
655 3964 677 4026 11
721 3963 767 4016 5,
801 3962 950 4022 ζῶντι
974 3959 1162 4012 ABR.
1192 3959 1376 4012 Pium
1416 3959 1593 4019 ζώοντι
1630 3962 1651 4025 11
1689 3958 1750 4012 ἅν
1777 3976 1886 4012 om.
1915 3956 2112 4012 AB&
2142 3959 2165 4021 11
2199 3959 2247 4007 6.
2280 3975 2451 4027 παρη-

189 4026 365 4099 νόμησε
389 4029 500 4083 sz
568 4034 591 4101 11
667 4032 715 4081 8.
754 4034 915 4082 ταῦτα
940 4046 1046 4082 om.
1078 4027 1134 4078 R
1199 4030 1222 4093 11
1281 4031 1328 4079 9.
1373 4021 1457 4082 ἐπ’
1487 4027 1655 4081 ἐκεῖνο
1683 4020 1825 4089 P‘R,
1858 4046 1935 4099 γρ.
1967 4026 2132 4079 ἐκεῖσε
2159 4025 2258 4080 1³⁸¹·
2312 4028 2336 4091 11
2392 4027 2450 4077 τὸ

191 4112 287 4149 om.
316 4098 442 4152 PRz
509 4102 535 4165 11
610 4101 688 4150 13.
731 4098 1001 4167 θωμασίωι
1031 4096 1094 4161 0,
1125 4093 1375 4164 θωμασίω
1403 4098 1491 4151 R'
1527 4100 1551 4162 11
1628 4099 1706 4149 14.
1748 4097 1933 4149 δοκέωι
1957 4095 2011 4147 Β
2080 4097 2103 4159 11
2173 4095 2308 4153 εἰκὸς
2336 4092 2442 4148 Rd.

194 4162 331 4220 Suid.
400 4170 423 4232 11
497 4169 577 4220 15.
620 4185 793 4237 συμμα
833 4168 966 4220 έεται
992 4165 1144 4219 Suid.
1218 4167 1241 4230 11
1313 4165 1456 4225 εὔνος
1485 4168 1538 4220 Β
1609 4169 1630 4230 11
1703 4162 1755 4217 δ’
1781 4165 1929 4220 Suid.
1997 4166 2020 4228 11
2084 4165 2162 4216 16.
2205 4163 2449 4234 ἐποίησας

194 4230 326 4288 Suid.
373 4238 397 4300 fl
440 4237 528 4289 καὶ
551 4254 658 4290 om.
692 4235 784 4291 Sui
829 4278 839 4287 .
892 4238 916 4300 11
961 4234 1125 4288 ἐπείτε
1150 4235 1245 4305 γὰρ
1271 4253 1377 4288 om.
1412 4236 1468 4288 R
1516 4238 1539 4299 ΙΙ
1607 4237 1683 4286 17.
1727 4235 1897 4288 ἐδόκεε
1925 4232 1980 4285 R
2025 4234 2047 4297 11
2099 4234 2181 4285 18.
2226 4230 2449 4305 Σοὺσησι

194 4317 216 4350 2
255 4304 278 4367 1
324 4307 399 4356 19.
439 4305 503 4373 δὴ
530 4323 639 4358 om.
669 4307 861 4359 ABCd
904 4307 927 4370 11
975 4307 1061 4357 20.
1099 4302 1357 4375 Msp-plkln
1386 4305 1438 4356 Β
1497 4306 1519 4369 11
1580 4306 1663 4355 21.
1707 4303 1900 4372 βελτίον
1932 4303 1980 4354 C'
2021 4307 2043 4366 11
2094 4301 2366 4371 ἐξέκνησαν
2392 4300 2443 4364 d,

195 4368 417 4429 ἄξέκνισεν
444 4376 647 4428 Anton.
680 4373 855 4439 said„
885 4373 1123 4444 ἐπέτηξεν
1151 4372 1235 4427 hic
1263 4372 1407 4427 idem
1432 4373 1604 4427 altero
1631 4371 1749 4427 loco
1793 4376 1815 4438 11
1853 4375 1936 4425 22.
1966 4372 2039 4444 τῷ
2063 4388 2169 4424 om.
2200 4369 2401 4423 ABCcl
2434 4370 2453 4433 11

196 4437 363 4511 ἔγραφε
384 4441 439 4495 R
484 4445 507 4508 Ι
553 4442 799 4512 βασιλέως
824 4444 937 4497 ΑΒ
