3059 5125
1101 337 1480 410 —I-
2301 342 2415 409 401

131 518 691 618 λοποννησίοισι,
745 521 1113 616 σινομένων
1179 524 1303 621 τὴν
1354 520 1575 621 ἄλλην
1625 509 1947 620 Ἀττικὴν
1998 518 2424 615 Λακεδαιμο·

89 639 106 654 “
129 642 331 728 νίων,
373 637 711 739 Δεκελέης
747 637 1144 738 ἀπέχεσθαι.
1226 642 1466 713 τούτου
1519 646 1637 713 τοῦ
1674 642 1897 739 δήμου
1932 639 2064 713 ἐὼν
2101 640 2137 711 ὁ
2174 638 2425 738 Σωφά-
2458 651 2539 712 74

131 783 270 856 νης
310 760 427 830 καὶ
463 756 861 858 ἀριστεύσας
903 763 1053 832 τότε
1079 754 1460 860 Ἀθηναίων
1500 759 1719 841 διξοὺς
1754 760 1995 857 λόγους
2029 759 2431 858 λεγομένους

133 875 319 975 ἔχει,
361 881 476 952 τὸν
519 878 641 973 μὲν
679 882 777 961 ὡς
810 879 885 952 ἐκ
920 885 1039 953 τοῦ
1076 881 1427 981 ζωστῆρος
1461 886 1582 951 τοῦ
1617 880 1937 978 θώρηκος
1972 879 2212 979 ἐφόρεε
2250 878 2427 978 χαλ-

82 1021 95 1066 s
131 998 266 1096 κέῃ
329 996 537 1070 ἁλύσι
591 998 962 1098 δεδεμένην
995 998 1286 1099 ἄγκυραν
1327 999 1869 1099 σιδηρέην,.τὴν
1907 999 2081 1080 ὅκως
2113 999 2427 1072 πελάσειε

133 1114 634 1214 ἀπικνεόμενος
686 1121 860 1192 τοῖσι
905 1118 1288 1215 πολεμίοισι
1325 1118 1722 1221 βαλέσκετο,
1778 1117 1891 1190 ἵνα
1925 1118 2013 1217 δή
2054 1144 2162 1213 μιν
2200 1119 2262 1190 οἱ
2295 1145 2426 1192 πο-

135 1236 371 1332 λέμιοι
410 1237 839 1320 ἐκπίπτοντες
875 1239 1130 1338 ἐκ·τῆς
1179 1239 1404 1320 τάξιος
1456 1245 1891 1339 μετακινῆσαι
1945 1241 2041 1338 μὴ
2080 1239 2423 1312 δυναίατο·

133 1355 515 1456 γινομένης
564 1356 641 1429 δὲ
692 1367 913 1460 φυγῆς
941 1365 1075 1430 τῶν
1111 1357 1428 1431 ἐναντίων
1466 1359 1743 1431 δέδοκτο
1777 1360 1899 1456 τὴν
1937 1355 2226 1457 ἄγκυραν
2260 1356 2426 1431 ἀνα-

136 1476 447 1577 λαβόντα
481 1476 661 1548 ούτω
700 1478 980 1551 διώκειν.
1059 1476 1253 1558 οὗτος
1291 1474 1411 1572 μὲν
1448 1475 1626 1548 οὕτω
1664 1476 1964 1574 λέγεται,
2022 1478 2058 1549 ὁ
2096 1467 2154 1550 δ’
2204 1477 2431 1578 ἕτερος

81 1617 102 1664 [J
136 1603 275 1666 τῶν
332 1596 557 1695 λόγων
613 1599 714 1696 τῷ
747 1599 1071 1696 πρότερον
1109 1597 1416 1696 λεχθέντι
1460 1593 1938 1696 ἀμφισβατέων
1979 1596 2277 1695 λέγεται,
2332 1600 2429 1680 ὡς

139 1704 245 1787 ἐπ’
286 1713 575 1797 ἀσπίδος
602 1716 731 1790 αἰεὶ
757 1717 1208 1818 περιθεούσης
1234 1718 1344 1788 καὶ
1372 1713 1641 1809 οὐδαμὰ
1667 1712 2158 1815 ἀτρεμιζούσης
2189 1716 2429 1816 ἐφόρεε

140 1832 478 1935 ἄγκυραν,
534 1840 644 1910 καὶ
679 1835 802 1909 ούκ
838 1836 913 1909 ἐκ
944 1841 1064 1907 τοῦ
1100 1837 1419 1935 θώρηκος
1455 1833 1825 1933 δεδεμένην
1863 1834 2215 1935 σιδηρέην.
2288 1834 2429 1909 ἔστι
2460 1847 2544 1907 75

139 1954 213 2026 δὲ
271 1959 391 2027 καὶ
450 1954 677 2054 ἕτερον
738 1954 1052 2054 Σωφάνεϊ
1104 1954 1413 2054 λαμπρὸν
1473 1954 1671 2053 ἔργον
1739 1953 2223 2053 ἐξεργασμένον
2244 2013 2263 2044 ,
2326 1956 2427 2027 ὅτι

138 2074 707 2174 περικατημένων
746 2063 1143 2175 Ἀθηναίων
1193 2071 1464 2172 Αἴγιναν
1517 2069 1920 2174 Εὐρυβάτην
1967 2074 2080 2145 τὸν
2111 2064 2425 2173 Ἀργεῖον

81 2215 107 2263 5
141 2193 355 2293 ἄνδρα
411 2194 824 2267 πεντάεθλον
877 2195 952 2268 ἐκ
999 2193 1412 2294 προκλήσιος
1461 2192 1805 2289 ἐφόνευσε.
1897 2194 2096 2266 αὐτὸν
2147 2191 2223 2266 δὲ
2269 2192 2425 2266 Σω-

141 2313 361 2409 φάνεα
426 2317 658 2412 χρόνῳ
732 2312 1011 2412 ὕστερον
1082 2316 1336 2385 τούτων
1401 2310 1729 2412 κατέλαβε
1795 2311 2006 2409 ἄνδρα
2072 2315 2425 2411 γενόμενον

143 2429 440 2529 ἀγαθόν,
484 2423 881 2533 Ἀθηναίων
931 2432 1432 2532 στρατηγέοντα
1467 2431 1613 2526 ἅμα
1655 2431 1938 2531 Λεάγρῳ
1973 2432 2074 2529 τῷ
2102 2430 2425 2506 Γλαύκω-

140 2580 286 2643 νος,
345 2552 715 2626 ἀποθανεῖν
774 2553 904 2627 ὑπὸ
930 2543 1262 2626 Ἠδωνῶν
1315 2551 1385 2625 έν
1429 2550 1627 2649 Δάτῳ
1681 2553 1835 2651 περὶ
1880 2557 2014 2622 τῶν
2071 2551 2424 2647 μετάλλων

142 2679 272 2742 τῶν
308 2672 624 2773 χρυσέων
673 2676 1081 2772 μαχόμενον.
1660 2736 1671 2747 .
2054 2669 2059 2673 ’

78 2812 114 2859 :0
280 2787 413 2873 ‘92
450 2792 526 2865 δὲ
561 2795 732 2867 τοῖσι
756 2781 1060 2892 (Έλλησι
1108 2792 1180 2865 ἐν
1226 2791 1608 2891 Πλαταιῇσι
1656 2792 2114 2890 κατέστρωντο
2157 2794 2219 2864 οἱ
2256 2792 2423 2895 βάρ-
2456 2806 2539 2867 76

148 2911 381 3012 βαροι,
420 2912 718 2986 ἐνθαῦτά
755 2938 872 3010 σφι
909 2912 1171 3014 ἐπῆλθε
1209 2913 1374 3011 γυνὴ
1414 2910 1811 3008 αὐτόμολος,
1848 2914 1895 3012 ἢ
1930 2911 2165 3011 ἐπειδὴ
2204 2911 2424 3006 ἔμαθε

147 3026 593 3112 ἀπολωλότας
627 3033 788 3113 τοὺς
817 3029 1089 3132 Πέρσας
1126 3034 1233 3103 καὶ
1268 3038 1596 3112 νικῶντας
1631 3019 2176 3130 τοῦςσΕλληνας,
2217 3031 2424 3121 ἐοῦσα

145 3150 464 3250 παλλακὴ
503 3149 979 3250 Φαρανδάτεος
1011 3157 1132 3223 τοῦ
1166 3148 1498 3231 Τεάσπιος
1536 3147 1779 3248 ἀνδρὸς
1815 3148 2121 3250 Πέρσεω,
2159 3176 2422 3248 κοσμη-

150 3270 411 3369 σαμένη
471 3274 707 3370 χρυσῷ
747 3270 990 3368 πολλῷ
1031 3273 1138 3344 καὶ
1188 3268 1361 3369 αὐτὴ
1413 3273 1523 3343 καὶ
1576 3268 1952 3367 ἀμφίπολοι
2013 3272 2122 3341 καὶ
2185 3268 2423 3368 ἐσθῆτι

78 3404 121 3455 25
152 3391 232 3488 τῇ
266 3389 604 3488 καλλίστῃ
641 3398 777 3462 τῶν
815 3389 1289 3488 παρεουσέων,
1348 3389 1699 3491 καταβᾶσα
1748 3389 1824 3462 ἐκ
1858 3396 1985 3489 τῆς
2022 3387 2427 3490 ἁρμαμάξης

153 3507 402 3609 ἐχώρεε
456 3510 528 3591 ἐς
571 3512 728 3591 τοὺς
765 3509 1335 3604 Λακεδαιμονίους
1382 3507 1479 3580 ἔτι
1531 3509 1602 3580 ἐν
1649 3510 1807 3607 τῇσι
1865 3511 2114 3608 φονῇσι
2164 3508 2421 3596 ἐόντας,

443 3714 570 3785 ’περὶ
593 3720 689 3785 τῆς
714 3713 1003 3786 αὐτομόλου
1030 3706 1189 3786 Κῴας
1212 3712 1446 3783 γυναικὸς
1469 3718 1565 3782 τῆς
1588 3710 1860 3783 παλλακῆς
1886 3707 2246 3783 Φαρναδάτους

435 3833 496 3839 -—
565 3833 630 3839 m—
649 3832 762 3839 4*—

351 3887 437 3940 18.
478 3882 792 3955 Stephanus
817 3882 944 3953 Byz.
976 3900 1024 3936 v.
1057 3879 1236 3935 Δᾶτον.
1281 3910 1347 3919 -—
1384 3881 1440 3932 21
1475 3898 1594 3950 sqq.
1642 3877 1954 3946 (Pausanias
1978 3877 2074 3933 111
2102 3882 2150 3944 4)

249 4024 297 4075 2.
333 4029 427 4078 τοῦ
452 4041 560 4076 om.
590 4023 662 4076 Αἱ
734 4026 758 4088 ΙΙ
825 4024 873 4073 5.
915 4019 1090 4073 ἁλύσει
1111 4018 1280 4075 ABG
1331 4022 1355 4085 ΙΙ
1411 4022 1461 4071 6.
1502 4017 2081 4088 ἀπικνεουμένοισιτῆσι
2108 4017 2164 4071 R
2221 4019 2244 4083 ΙΙ
2290 4016 2420 4086 βαλ-

155 4086 350 4146 λέσκετο
374 4093 451 4146 Pz
515 4096 539 4159 ΙΙ
600 4095 650 4144 Ί.
688 4097 893 4162 κινῆσαι
918 4091 951 4143 b
1006 4092 1030 4155 ΙΙ
1087 4091 1137 4141 8.
1171 4088 1406 4141 ἐδέδοκτο
1432 4089 1490 4141 R
1548 4089 1570 4153 ΙΙ
1628 4090 1678 4139 9.
1721 4086 1886 4153 οὗτος]
1913 4085 2048 4140 οὕτω
2077 4087 2129 4139 Β
2188 4089 2213 4152 ΙΙ
2259 4086 2288 4139 ὁ
2313 4081 2367 4137 δ’
2392 4116 2422 4126 -

163 4159 217 4208 ¹⁰
238 4159 432 4233 λέγεται
457 4178 567 4215 om.
598 4161 651 4212 B
710 4164 733 4227 ΙΙ
794 4163 876 4213 10.
915 4157 948 4209 ά
990 4157 1274 4230 φισβητέων
1303 4156 1434 4210 ΡΒε
1489 4159 1511 4223 ΙΙ
1574 4158 1655 4212 ΙΙ.
1696 4155 1899 4226 οὐδαμᾶ
1923 4156 2006 4208 Rae
2062 4157 2086 4221 ΙΙ
2148 4157 2228 4207 12.
2257 4152 2421 4225 ἄγκυ-

159 4231 257 4295 ραν]
283 4231 364 4284 ἐπί
437 4249 534 4301 μον
558 4229 783 4302 ἄγκυραν
807 4227 863 4280 R
886 4231 909 4294 n
970 4228 1018 4279 3.
1199 4244 1276 4278 νει
1301 4228 1411 4280 AB
1433 4230 1456 4293 ΙΙ
1481 4225 1864 4296 ἐξειργασμένον
1889 4227 1920 4278 b
1953 4224 1974 4293 fl
2007 4223 2090 4276 ὅτε
2117 4224 2190 4276 R.
2232 4223 2419 4277 Krue-

157 4310 243 4362 ger
292 4304 315 4366 ΙΙ
379 4304 394 4351 1
448 4342 460 4353 .
498 4298 811 4371 εὐρυβάντην
835 4300 886 4362 b,
922 4295 1131 4368 εὐρυβιά
1198 4294 1306 4347 νΙέ
1350 4298 1374 4361 ΙΙ
1426 4295 1598 4366 ἀρεῖον
1627 4295 1676 4349 0
1733 4298 1756 4361 ΙΙ
1823 4296 1901 4345 15.
1942 4292 2251 4363 προβλήσιος
2289 4293 2347 4345 R
2403 4292 2424 4360 ΙΙ

165 4366 234 4416 16.
281 4369 501 4422 τουτέων
534 4386 564 4420 z
642 4373 666 4434 ΙΙ
753 4371 832 4420 19.
874 4364 1167 4439 μαγόμενον
1199 4381 1304 4417 om.
1350 4366 1431 4428 R,
1484 4384 1522 4433 μ
1596 4362 1855 4432 εόμενονκ
1922 4360 1942 4427 ΙΙ
2001 4363 2081 4413 20.
2125 4360 2421 4432 πλαταίηισι

159 4435 280 4497 ΑΒ,
317 4438 589 4508 πλαταίησι
627 4437 684 4489 R
750 4440 774 4503 ΙΙ
847 4437 930 4488 23.
973 4428 1327 4506 ’φαρναδάτεος
1363 4432 1419 4484 R
1483 4436 1507 4499 ΙΙ
1608 4435 1657 4483 4.
1708 4433 1762 4484 αἱ
1796 4430 2096 4501 ’ἀμφίπολοι
2137 4429 2344 4483 Reiske
2401 4427 2423 4496 ΙΙ

158 4501 234 4553 25.
259 4507 380 4577 τῶν]
404 4508 467 4559 ἐκ
488 4515 591 4559 τῶν
616 4525 642 4559 z
690 4508 712 4572 ΙΙ
759 4504 1065 4575 ἁρμαμάξης
1093 4505 1146 4556 Β
1190 4507 1212 4569 ΙΙ
1260 4502 1342 4553 26.
1374 4507 1601 4574 φωνῆσιν
1626 4504 1656 4553 b
1703 4502 1726 4565 ΙΙ
1773 4500 1952 4558 ἐόντας
1977 4516 2086 4552 om.
2116 4499 2305 4553 ABC-'b

256 4606 496 4651 Herodotus
523 4608 580 4651 11.
1940 4587 2006 4635 26
