3059 5125
847 241 970 302 390
1796 237 2188 301 —A—

847 411 1108 484 ἔσωθεν
1151 410 1225 482 δὲ
1265 416 1795 509 καταχρυσώσας
1833 410 2010 484 οὕτω
2045 413 2287 510 χρᾶται
2323 415 2654 508 ποτηρίῳ.
2749 414 2982 481 ποιεῦσι
3010 407 3059 479 δὲ

845 536 1043 603 τοῦτο
1097 533 1205 603 καὶ
1256 531 1328 603 ἐκ
1378 538 1511 602 τῶν
1564 531 1841 629 οἰκηίων
1894 532 1979 628 ἤν
2031 557 2151 627 σφι
2188 530 2496 627 διάφοροι
2531 528 2847 627 γένωνται
2881 531 2973 599 καὶ
3001 527 3059 624 ἢν

845 650 1265 750 ἐπικρατήσῃ
1308 649 1514 722 αὐτοῦ
1550 648 1735 751 παρὰ
1782 652 1884 747 τῷ
1926 642 2215 751 βασιλέα
2302 650 2536 730 ξείνων
2575 650 2652 722 δέ
2688 650 2749 721 οἱ
2784 649 3059 720 ἐλθόντων

843 777 978 842 τῶν
1018 767 1096 842 ἂν
1138 769 1335 867 λόγον
1387 770 1722 868 ποιέηται,
1780 769 1900 850 τὰς
1952 767 2248 867 κεφαλὰς
2292 770 2543 849 ταύτας
2589 769 2952 867 παραφέρει
2985 769 3059 838 καὶ

845 887 1141 985 ἐπιλέγει
1205 890 1303 968 ὥς
1369 890 1431 959 οἱ
1496 888 1716 969 ἐόντες
1779 891 2022 986 οἰκήιοι
2084 886 2388 982 πόλεμον
2441 888 2935 987 προσεθήκαντο
2985 898 3059 956 κω

846 1033 1070 1105 σφεων
1148 1008 1347 1088 αὐτὸς
1408 1006 1857 1106 ἐπεκράτησε,
1936 1009 2189 1105 ταύτην
2255 1004 2715 1106 ἀνδραγαθίην
2786 1007 3059 1103 λέγοντες

739 1146 824 1207 66
847 1127 1022 1207 ἅπαξ
1076 1127 1149 1200 δὲ
1200 1133 1318 1198 τοῦ
1382 1127 1686 1199 ἐνιαυτοῦ
1743 1126 2028 1200 ἑκάστου
2082 1126 2117 1196 δ
2166 1127 2525 1225 νομάρχης
2579 1126 2853 1207 ἕκαστος
2895 1127 2968 1209 ἐν,
3002 1127 3059 1220 τίς

847 1248 1102 1319 ἑωυτοῦ
1140 1247 1333 1342 νομῷ
1361 1249 1548 1345 κιρνᾷ
1588 1253 1896 1346 κρητῆρα
1934 1247 2133 1323 οἴνου,
2190 1234 2308 1318 ἀπ’
2362 1244 2440 1318 οὗ
2474 1251 2744 1318 πίνουσι
2776 1253 2903 1316 τῶν
2934 1244 3059 1315 Σκυ-

845 1366 1025 1438 θέων
1075 1367 1249 1439 τοῖσι
1300 1364 1539 1465 ἄνδρες
1586 1366 1901 1461 πολέμιοι
1948 1361 2390 1464 ἀραιρημένοι
2442 1363 2649 1437 ἔωσι·
2702 1368 2873 1437 τοῖσι
2917 1351 2974 1434 δ’
3012 1359 3059 1434 ἂι

849 1489 944 1584 μὴ
998 1487 1533 1583 κατεργασμένον
1592 1480 1639 1585 ᾖ
1689 1491 1906 1567 τοῦτο,
1967 1483 2048 1555 οὐ
2096 1486 2401 1581 γεύονται
2451 1490 2569 1556 τοῦ
2623 1486 2799 1556 οἴνου
2853 1486 3059 1555 τούτου.

846 1595 998 1679 ἀλλ’
1044 1605 1468 1703 ἠτιμωμένοι
1506 1602 1986 1678 ἀποκατέαται·
2043 1603 2296 1686 ὄνειδος
2345 1602 2422 1674 δέ
2458 1630 2576 1701 σφι
2614 1604 2758 1677 ἐστὶ
2805 1604 3059 1700 μέγιστον

845 1729 1065 1797 τοῦτο.
1160 1726 1306 1798 ὅσοι
1342 1722 1416 1796 δὲ
1455 1720 1536 1795 ἂν
1582 1722 1803 1796 αὐτῶν
1856 1726 1967 1795 καὶ
2019 1723 2229 1822 κάρτα
2282 1723 2580 1803 πολλοὺς
2629 1722 2870 1823 ἄνδρας
2916 1721 3059 1819 ἀραι-

848 1846 1128 1943 ρηκότες
1200 1842 1396 1926 ἔωσι,
1482 1842 1665 1916 οὗτοι
1735 1841 1810 1917 δὲ
1873 1843 2110 1917 σύνδυο
2174 1842 2446 1925 κύλικας
2520 1843 2795 1941 ἔχοντες
2857 1847 3059 1915 πίνουσ

847 1965 1038 2058 ὁμοῦ.

739 2091 819 2152 67
999 2079 1295 2163 Μάντιες
1333 2081 1406 2154 δὲ
1432 2082 1751 2156 Σκυθέων
1790 2085 1918 2157 εἰσὶ
1950 2082 2210 2165 πολλοί,
2250 2082 2315 2156 οἲ
2346 2084 2785 2178 μαντεύονται
2815 2083 3059 2184 ῥάβδοια

848 2205 1127 2301 ἰτεΐνῃσι
1179 2203 1479 2303 πολλῇσι
1536 2204 1693 2277 ὧδε.
1820 2201 2020 2275 ἐπεὰν
2075 2202 2407 2300 φακέλους
2458 2202 2725 2304 ῥάβδων
2787 2203 3059 2299 μεγάλους

845 2325 1246 2405 ἐνείκωνται,
1288 2321 1521 2402 θέντες
1556 2326 1774 2419 χαμαὶ
1811 2321 2312 2402 διεξειλίσσουσι
2349 2321 2612 2405 αὐτούς,
2663 2327 2777 2395 καὶ
2809 2322 2913 2394 ἐπὶ
2944 2325 3059 2415 μίαν

846 2442 1132 2540 ἑκάστην
1173 2441 1416 2543 ῥάβδον
1455 2441 1750 2524 τιθέντες
1786 2442 2197 2525 θεσπίζουσι,
2254 2443 2398 2536 ἅμα
2442 2468 2513 2513 τε
2558 2442 2864 2541 λέγοντες
2898 2445 3059 2513 ταῦτα

843 2564 1250 2636 συνειλέουσι
1305 2561 1425 2643 τὰς
1474 2561 1761 2662 ῥάβδους
1814 2563 2029 2637 ὀπίσω
2082 2566 2194 2635 καὶ
2251 2564 2436 2644 αὖτις
2482 2564 2653 2636 κατὰ
2704 2569 2856 2658 μίαν
2889 2586 3059 2637 συντι-

841 2684 1036 2755 θεῖσι.
1128 2681 1296 2781 αύτη
1342 2681 1462 2775 μέν
1501 2708 1619 2778 σφι
1654 2684 1700 2781 ἡ
1742 2686 2024 2781 μαντικὴ
2063 2686 2373 2782 πατρωίη
2415 2683 2571 2756 ἐστί.
2667 2686 2731 2755 οί
2784 2683 2858 2755 δὲ
2890 2672 3059 2753 Ἐνά-

844 2827 989 2903 ρεες
1037 2803 1098 2872 οἱ
1153 2798 1546 2900 ἀνδρόγυνοι
1594 2805 1714 2900 τὴν
1766 2796 2182 2901 Ἀφροδίτην
2232 2807 2419 2898 σφίσι
2473 2802 2741 2901 λέγουσι
2798 2802 3059 2898 μαντικὴῆ

843 2923 1110 2993 δοῦναι·
1170 2919 1458 3019 φιλύρης
1496 2923 1589 2991 ὧν
1627 2921 1847 3019 φλοιῷ
1891 2924 2347 3017 μαντεύονται.
2424 2921 2628 2995 ἐπεὰν
2667 2926 2787 3021 τὴν
2823 2922 3059 3020 φιλύρην

842 3044 1037 3137 τρίχα
1075 3044 1304 3137 σχίσῃ,
1346 3039 1721 3112 διαπλέκων
1755 3041 1824 3113 ἐν
1860 3044 2034 3113 τοῖσι
2072 3041 2452 3116 δακτύλοισι
2490 3044 2664 3116 τοῖσι
2716 3044 2954 3115 ἑωυτοῦ
2984 3039 3059 3110 καί

733 3177 815 3238 68
845 3159 1135 3230 διαλύων
1175 3162 1335 3258 χρᾷ.
1429 3159 1631 3233 ἐπεὰν
1685 3161 1758 3233 δὲ
1811 3161 2125 3261 βασιλεὺς
2176 3162 2211 3231 ὁ
2262 3160 2579 3234 Σκυθέων
2638 3163 2839 3260 κάμῃ,
2896 3181 3059 3255 μετα-

840 3277 1176 3373 πέμπεται
1244 3285 1376 3349 τῶν
1450 3284 1742 3372 μαντίων
1812 3279 2056 3380 ἄνδρας
2124 3284 2300 3379 τρεῖς
2374 3282 2533 3362 τοὺς
2603 3279 3059 3375 εὐδοκιμέοντας

1049 3502 1126 3551 ll.
1168 3498 1490 3553 Eustathius
1513 3498 1583 3553 11.
1613 3518 1666 3570 p.
1697 3502 1814 3552 234.
1855 3528 1922 3539 —-
1959 3500 2044 3553 20.
2083 3496 2259 3563 Λέξεις

947 3639 989 3689 Ι.
1032 3640 1427 3709 καταχρυσώσας
1455 3638 1589 3691 PR:
1621 3656 1731 3708 περι
1772 3640 1998 3711 ρυσώσας
2067 3639 2089 3702 11
2155 3638 2384 3692 ποιέουσι
2409 3640 2517 3693 PR
2586 3643 2608 3705 11
2691 3643 2741 3694 2.
2779 3637 2998 3694 τούτωΒ

838 3707 1080 3776 γένωνται
1109 3702 1244 3761 PR:
1308 3711 1507 3760 ίνωνται
1556 3710 1578 3771 11
1624 3705 1709 3777 ἢν]
1732 3656 1803 3777 ἦν
1827 3726 1904 3766 τις
1929 3725 1987 3760 vz
2033 3709 2055 3771 11
2105 3711 2153 3759 3.
2196 3706 2362 3761 αὐτῶν
2389 3708 2595 3762 Reiske
2643 3713 2666 3775 11
2715 3710 2902 3780 βασιλεῖ
2921 3706 3009 3760 AB

836 3779 885 3828 4.
930 3782 1135 3845 ποιῆται
1161 3779 1267 3831 AB
1383 3779 1406 3841 11
1463 3778 1510 3827 5.
1553 3794 1590 3827 π
1623 3775 1906 3846 οεθήκαντο
1934 3776 2182 3829 Pcorr.R
2238 3779 2259 3840 11
2319 3780 2368 3829 6.
2406 3779 2792 3849 ταύτηντὴνεε
2837 3782 2857 3841 11
2904 3775 3059 3844 λέγετίι

837 3846 971 3898 PRz
1027 3848 1048 3911 11
1110 3847 1160 3898 ’7.
1197 3850 1305 3911 τοῦ]
1335 3846 1537 3898 καὶτοῦ
1565 3796 1623 3898 ΙΞ
1667 3848 1690 3911 11
1740 3845 1955 3898 ἑκάστου
1981 3843 2307 3916 ούνομάρχης
2331 3866 2356 3898 z
2410 3850 2432 3911 11
2496 3849 2543 3899 8.
2587 3846 2784 3901 ἑωυτοῦ
2810 3849 2893 3901 R=
2917 3843 3059 3897 tauro&

834 3914 1195 3976 ΑΒ1’,αύτοῦ
1227 3916 1285 3976 0,
1323 3914 1458 3966 αὑτῶ
1485 3917 1537 3977 d,
1580 3914 1735 3966 ἑαυτ”
1779 3933 1804 3966 z
1851 3916 1872 3978 11
1919 3913 2062 3982 νόμω
2088 3916 2125 3966 d
2167 3918 2189 3980 11
2236 3916 2465 3987 κίρναται
2491 3916 2595 3969 PR
2655 3921 2678 3981 11
2739 3922 2894 3987 κρατῆ
2969 3912 3000 3964 d
3038 3911 3054 3969 Ι

836 3985 885 4033 9.
923 3985 1074 4045 rotet}
1107 3982 1216 4035 ὅσοι
1242 3983 1305 4052 δὴ
1337 3986 1434 4036 Rz.
1461 3989 1594 4036 τοῖσι
1619 3981 1678 4036 ἂν
1704 3935 2183 4051 ἒοὴνείςὴαειιοσι·
2244 3987 2266 4049 11
2324 3984 2562 4054 πολέμιοι
2588 4002 2696 4038 om.
2730 3988 2785 4039 R
2829 3988 2849 4049 11
2892 3932 3057 4058 ἐξαιρη-

837 4050 979 4118 μένοι
1009 4053 1106 4105 01>
1147 4055 1168 4115 11
1215 4051 1330 4105 ἴωσι
1356 4055 1393 4105 cl
1437 4054 1459 4116 11
1511 4054 1592 4104 11.
1633 4051 1986 4106 ἀποκαθέαται
2012 4053 2082 4105 R.
2116 4053 2276 4106 Euat.
2324 4056 2346 4117 11
2394 4053 2483 4124 σφί
2507 4056 2609 4107 ἐστι
2639 4056 2810 4110 ABR
2851 4056 2873 4118 ΙΙ
2917 4052 2980 4102 1²-
3011 4065 3056 4099 α*

837 4137 945 4172 om.
972 4122 1167 4174 ABGd
1246 4124 1266 4184 11
1350 4121 1682 4193 ἀραιρηκότες
1706 4121 1794 4187 R,
1834 4119 2167 4192 ἀναιρηκότες
2190 4123 2452 4186 A2G(?)bz
2530 4128 2552 4187 11
2643 4126 2721 4177 16.
2886 4119 2993 4174 σιώ

840 4189 920 4239 17.
962 4187 1388 4251 διεξελίσσουσιΙ,
1457 4194 1479 4255 11
1551 4191 1634 4243 20.
1676 4190 1770 4260 μέν
1795 4192 1900 4262 σφι]
1928 4190 2101 4259 μέντοι
2126 4211 2151 4243 z
2211 4194 2233 4256 11
2297 4194 2508 4263 πατρώη
2537 4194 2593 4245 R
2664 4197 2685 4258 ΙΙ
2759 4210 2843 4264 σφι
2892 4188 2993 4242 eriz

833 4256 1005 4325 νάρεες
1032 4259 1155 4321 PR,
1199 4258 1393 4330 ἐνάριες
1417 4259 1612 4330 reliqui
1646 4266 1702 4313 et
1729 4259 1893 4329 gloss.
1981 4262 2003 4325 11
2086 4262 2169 4313 21.
2211 4261 2260 4313 οἱ
2292 4260 2422 4313 PR:
2461 4261 2549 4314 καὶ
2585 4263 2634 4314 οἱ
2715 4265 2738 4326 11
2817 4262 2901 4315 ἀνδ

835 4326 873 4377 d
931 4328 952 4388 11
1002 4327 1170 4449 ρφίσὸ
1174 4328 1395 4398 scripsit
1421 4346 1508 4401 σφι
1568 4333 1590 4395 11
1653 4331 1733 4382 23.
1775 4329 1889 4401 τρία
1914 4328 2114 4385 ΑΒΟιΙ
2167 4332 2190 4397 11
2245 4334 2378 4385 τοῖσι
2402 4347 2511 4383 om.
2541 4331 2601 4384 R
2658 4335 2681 4397 ΙΙ
2746 4333 2827 4384 25.
2863 4337 2926 4384 τῶ
3039 4357 3043 4364 ·

835 4411 1092 4464 μαντηίων
