3059 5125
1097 349 1496 414 —8-
2304 351 2425 414 347

153 522 389 623 Κύμῃ.
446 524 647 622 ἔαρος
683 523 759 597 δὲ
796 523 1295 623 ἐπιλάμψαντος
1331 530 1586 623 πρώιος
1626 524 2015 622 συνελέγετο
2052 524 2123 605 ἐς
2157 522 2386 617 Σάμον
2410 548 2425 562 ·

149 647 228 717 αἰ
283 642 354 715 δὲ
404 651 537 714 τῶν
593 651 763 715 νεῶν
827 647 936 716 καί
995 642 1421 743 ἐχειμέρισαν
1476 643 1682 716 αὐτοῦ
1710 668 1724 682 ·
1815 643 2134 742 Περσέων
2192 643 2269 716 δὲ
2321 646 2431 715 καὶ

153 759 416 861 Μήδων
465 763 526 832 οἰ
572 763 856 844 πλεῦνες
903 762 1327 865 ἐπεβάτευον.
1418 768 1784 864 στρατηγοὶ
1835 764 1912 836 δέ
1957 789 2076 861 σφι
2123 762 2427 863 ἐπῆλθον

157 878 560 981 Μαρδόντης
593 907 668 954 τε
693 882 730 952 δ
758 880 1064 981 Βαγαίου
1101 886 1212 954 καὶ
1238 871 1650 983 Ἀρταΰντης
1686 884 1723 954 ὁ
1751 874 2169 981 Ἀρταχαίεω
2193 906 2207 920 ·
2268 908 2429 955 συν-

93 1011 332 1100 ᾱῆρχε
382 999 458 1074 δὲ
518 1003 688 1075 τοῖσι
745 1004 856 1073 καὶ
915 1000 1312 1098 ἀδελφιδέος
1371 1002 1579 1076 αὑτοῦ
1609 992 2045 1101 Ἀρταΰντεω
2092 1002 2429 1100 προσελο-

156 1122 359 1214 μένου
401 1112 816 1219 Ἰθαμίτρης.
909 1119 1026 1194 ἅτε
1081 1119 1155 1193 δὲ
1199 1121 1512 1218 μεγάλως
1546 1122 1941 1221 πληγέντες,
1979 1120 2060 1192 οὐ
2091 1124 2426 1220 προήισαν

154 1239 472 1339 ἀνωτέρω
506 1242 582 1311 τὸ
617 1242 787 1338 πρὸς
823 1239 1153 1338 ἑσπέρης,
1203 1231 1347 1312 οὐδ’
1395 1241 1823 1340 ἐπηνάγκαζε
1858 1241 2108 1328 οὐδείς,
2155 1230 2311 1311 ἀλλ’
2360 1240 2430 1311 έν

153 1362 242 1459 τῇ
278 1359 486 1456 Σάμῳ
521 1363 889 1457 κατήμενοι
925 1359 1312 1457 ἐφύλασσον
1347 1365 1470 1460 τὴν
1493 1352 1767 1460 Ἰωνίην
1808 1363 1904 1458 μὴ
1944 1358 2234 1459 ἀποστῇ,
2272 1359 2432 1439 νέας

156 1478 424 1577 ἔχοντες
458 1480 577 1552 σὺν
609 1479 767 1575 τῇσι
795 1468 970 1551 Ἰάσι
1006 1483 1410 1578 τριηκοσίας.
1478 1481 1558 1552 οὐ
1599 1479 1717 1574 μὲν
1754 1479 1911 1551 οὐδὲ
1944 1481 2431 1578 προσεδέκοντο

91 1619 121 1664 o
154 1599 312 1678 τοὺς
330 1586 683 1695 Ἕλληνας
732 1598 1127 1672 ἐλεύσεσθαι
1185 1598 1255 1679 ές
1302 1601 1424 1697 τὴν
1463 1593 1734 1699 Ἰωνίην
1788 1593 1965 1671 ἀλλ’.
2008 1596 2428 1697 ἀποχρήσειν

155 1744 275 1814 σφι
309 1720 428 1814 τὴν
466 1718 741 1789 ἑωυτῶν
773 1717 1157 1815 φυλάσσειν,
1194 1719 1691 1813 σταθμεύμενοι
1723 1720 1825 1790 ὅτι
1863 1718 2078 1816 σφέας
2113 1717 2235 1789 οὐκ
2268 1717 2429 1789 έπε-

156 1837 392 1917 δίωξαν
429 1837 800 1933 φεύγοντας
835 1837 911 1909 ἐκ
947 1836 1331 1932 Σαλαμῖνος
1368 1831 1518 1909 ἀλλ’
1568 1836 1848 1932 ἄσμενοι
1885 1835 2423 1910 ἀπαλλάσσοντο.

156 1955 326 2029 κατὰ
359 1957 477 2052 μέν
515 1983 631 2028 νυν
663 1961 787 2056 τὴν
825 1955 1176 2030 θάλασσαν
1215 1957 1591 2052 ἑσσωμένοι
1626 1959 1800 2056 ἦσαν
1837 1960 1943 2054 τῷ
1969 1958 2198 2053 θυμῷ,
2248 1958 2427 2053 πεζῇ

157 2077 229 2149 δὲ
273 2076 540 2149 ἐδόκεον
599 2075 841 2172 πολλῷ
882 2080 1236 2175 κρατήσειν
1293 2079 1406 2148 τὸν
1459 2072 1862 2176 Μαρδόνιον.
1956 2076 2177 2156 ἐόντες
2225 2074 2303 2147 δὲ
2354 2076 2426 2147 έν

86 2215 125 2262 ιε
158 2195 363 2293 Σάμῳ
410 2196 551 2291 ἅμα
605 2195 728 2291 μὲν
774 2196 1211 2297 ἐβουλεύοντο
1247 2199 1312 2267 εἴ
1341 2222 1404 2267 τι
1441 2195 1755 2268 δυναίατο
1795 2200 1994 2269 κακὸν
2029 2195 2186 2275 τοὺς
2221 2195 2429 2266 πολε-

161 2320 344 2408 μίους
378 2315 656 2404 ποιέειν,
696 2314 839 2410 ἅμα
876 2313 953 2386 δὲ
985 2318 1093 2387 καὶ
1128 2317 1591 2388 ὠτακούστεον
1619 2315 1748 2413 ὅκῃ
1777 2315 2089 2388 πεσέεται
2115 2314 2197 2386 τὰ
2228 2309 2428 2412 Μαρ-

160 2435 371 2507 δονίου
403 2440 795 2534 πρήγματα.

303 2551 476 2636 Τοὺς
530 2552 608 2627 δὲ
643 2541 1000 2653 ἽΞλληνας
1042 2557 1121 2626 τό
1160 2580 1237 2627 τε
1273 2552 1395 2654 ἔαρ
1430 2555 1777 2651 γινόμενον
1814 2557 2044 2654 ἤγειρε
2080 2558 2190 2628 καὶ
2227 2550 2557 2654 Μαρ-131

162 2674 367 2755 δόνιος
400 2675 469 2747 έν
507 2673 850 2771 θεσσαλίῃ
900 2673 1055 2745 ἐών.
1144 2675 1181 2745 ὁ
1238 2671 1355 2768 μὲν
1415 2674 1499 2773 δὴ
1550 2675 1755 2757 πεζὸς
1794 2675 1976 2747 οὔκω
2012 2674 2426 2771 συνελέγετο,

84 2794 194 2863 ιοδ
242 2792 315 2866 δὲ
361 2795 665 2874 ναυτικὸς
714 2791 986 2866 ἀπίκετο
1038 2794 1109 2874 ές
1158 2789 1469 2892 Αἴγιναν,
1541 2793 1690 2874 νέες
1742 2792 2026 2893 ἀριθμὸν
2095 2795 2255 2866 δέκα
2313 2797 2428 2865 καὶ

164 2912 401 2984 ἑκατόν.
477 2915 858 3012 στρατηγὸς
905 2911 979 2985 δὲ
1014 2916 1122 2984 καὶ
1161 2913 1499 3011 ναύαρχος
1533 2913 1620 3012 ἧν
1662 2912 2081 3012 Λευτυχίδης
2116 2914 2153 2984 δ
2193 2908 2425 2984 Μενά-

165 3057 300 3127 ρεος
345 3038 464 3103 τοῦ
489 3026 892 3130 “Ηγησίλεω
941 3038 1061 3104 τοῦ
1089 3019 1625 3129 Ἱπποκρατίδεω
1678 3037 1794 3105 τοῦ
1833 3031 2258 3129 Λευτυχίδεω
2300 3036 2425 3103 τοῦ
2500 3066 2515 3077 ·

156 3139 516 3230 Ἀναξίλεω
565 3155 685 3222 τοῦ
716 3144 1150 3251 Ἀρχιδήμου
1202 3155 1322 3223 τοῦ
1364 3138 1905 3250 Ἀναξανδρίδεω
1952 3156 2073 3222 τοῦ
2110 3147 2423 3244 Θεοπόμ-

164 3294 283 3341 που
322 3276 438 3342 τοό
485 3268 863 3370 Νικάνδρου
918 3274 1038 3343 τοῦ
1102 3267 1418 3368 Χαρίλεω
1481 3275 1602 3342 τοῦ
1656 3266 1974 3366 Εὐνόμου
2023 3274 2143 3342 τοῦ
2196 3268 2424 3342 Πολυ-

454 3510 725 3580 συναγυγὴ
747 3512 839 3562 τοῦ
862 3503 1128 3580 Ἑλλήνων
1151 3508 1394 3561 ναυτικοῦ
1415 3508 1490 3568 εἰς
1517 3504 1728 3580 Αἴγιναν

193 3649 334 3657 -α--μῌ
407 3653 450 3658 -.

263 3742 303 3793 1.
341 3735 387 3794 δ’
413 3743 527 3797 ΑΒ
573 3743 597 3806 ΙΙ
644 3739 926 3811 πρῶτονΒ
969 3742 993 3805 ΙΙ
1041 3743 1089 3793 2.
1129 3748 1270 3811 νηῶν
1297 3740 1376 3794 Ra
1422 3744 1445 3807 11
1492 3743 1542 3791 3.
1587 3741 1645 3792 δὲ
1668 3740 1732 3793 ἐπ
1774 3738 1900 3793 λθόν
1925 3758 2012 3811 σφι
2044 3741 2093 3794 0
2129 3743 2152 3805 ΙΙ
2200 3742 2249 3792 4.
2291 3757 2427 3809 μαρ-

172 3806 352 3880 ὄύνηςδ
408 3812 445 3895 fl.
491 3804 745 3880 ἀρταότης
777 3808 837 3873 C',
880 3808 1073 3880 ἀρταβύ
1145 3830 1168 3869 ς
1192 3813 1222 3865 b
1271 3812 1295 3876 ΙΙ
1339 3809 1620 3883 ἀρταχαίου
1647 3811 1697 3863 L
1830 3811 1877 3860 5.
1918 3814 2050 3862 τοῖσι
2078 3809 2265 3863 ABG:
2302 3809 2428 3862 τού-

169 3894 277 3929 τοισι
319 3879 340 3944 n
384 3878 684 3950 ἀοελφιδεὸς
709 3877 832 3941 ΑΒ,
863 3876 1108 3950 ἀδελφεὸς
1211 3880 1234 3944 ΙΙ
1279 3874 1588 3949 ἀρταΰντεωι
1614 3877 1694 3940 B,
1726 3872 1986 3946 ἀρταύτεω
2019 3876 2089 3940 0,
2132 3876 2426 3949 ἀρταβύτεω

170 3946 196 3998 b
243 3949 265 4012 11
315 3946 657 4019 προελομένου
697 3946 753 4000 R
822 3950 844 4013 ΙΙ
915 3950 963 3999 6.
1022 3945 1306 4019 Ιθαμίθρης
1329 3947 1673 4018 Wesselinge
1722 3947 1749 4001 ὁ
1791 3946 1977 4016 ἀμῖτηρ
2017 3946 2102 4010 R,
2142 3947 2170 4001 ὁ
2208 3945 2426 4033 ἀμίτρης

173 4016 314 4070 ceteri
355 4019 379 4085 Ι
426 4017 549 4137 δηιδ
595 4018 619 4082 11
677 4020 928 4139 πέροῆισαν
953 4017 1075 4080 ΑΒ,
1106 4022 1337 4087 προῆσαν
1361 4020 1409 4080 b,
1450 4018 1706 4087 προῄεσαν
1735 4015 1859 4077 PR,
1891 4021 2150 4085 προσῆσαν
2182 4016 2240 4080 0,
2278 4033 2315 4066 t:
2348 4033 2427 4070 οι·-

171 4100 314 4138 εσανε
379 4089 403 4152 fl
511 4127 522 4137 .
565 4085 702 4138 ἀνωτ
731 4085 1018 4155 ρωιΑΒΡ
1081 4087 1104 4149 ΙΙ
1174 4085 1239 4137 τὰ
1265 4085 1397 4139 PRz
1469 4090 1492 4150 ΙΙ
1563 4085 1682 4141 οὐδὲ
1707 4082 1866 4143 εἶςΒ
1935 4086 1957 4149 ΙΙ
2028 4085 2075 4134 8.
2124 4090 2254 4153 νῆας

174 4152 215 4204 9.
248 4156 339 4225 μὴν
361 4155 553 4211 ABc'b
610 4157 635 4219 ΙΙ
703 4157 779 4207 10.
821 4153 1298 4224 προσελεύσεσθαιε
1354 4158 1378 4219 ΙΙ
1433 4156 1531 4225 τὴν
1557 4171 1666 4207 om.
1697 4152 1751 4204 R
1807 4157 1829 4218 fl
1904 4155 1983 4204 11.
2024 4151 2102 4205 &e
2127 4154 2362 4224 σφεαςᾼ

179 4220 246 4272 12.
270 4224 526 4296 φεύγοντες
547 4224 596 4278 0
620 4226 645 4289 ΙΙ
686 4225 766 4275 13.
796 4222 1075 4293 ἐσσύμενοι
1101 4223 1256 4276 ἔσαντ.
1291 4226 1313 4287 11
1361 4225 1439 4277 14.
1469 4221 1731 4276 πολλὸνΙί
1766 4224 1789 4287 ΙΙ
1830 4224 1906 4273 15.
1938 4220 2376 4289 ἐβουλεύσαντοΒ
2407 4222 2428 4290 ΙΙ

174 4285 353 4347 δυνέατο
376 4297 426 4358 b,
455 4292 684 4346 δύναιντο
708 4310 735 4343 z
773 4294 796 4358 ΙΙ
846 4294 923 4344 16.
952 4293 1041 4344 καὶ
1066 4309 1172 4345 om.
1205 4295 1259 4347 B
1306 4294 1328 4357 ΙΙ
1374 4292 1492 4361 ὃκηι
1516 4296 1594 4345 Ae
1622 4290 1719 4360 ὅση
1749 4289 1808 4353 G,
1839 4289 1936 4360 ὅκη
1961 4289 2129 4343 ceteri
2165 4292 2187 4355 ΙΙ
2231 4292 2305 4342 18.
2336 4310 2424 4361 γε·

175 4357 353 4425 *dumo-o
378 4362 543 4418 PR&
589 4364 613 4427 Ι
665 4363 743 4412 19.
785 4360 909 4414 ὅκου
939 4360 989 4414 G'
1028 4364 1051 4425 ΙΙ
1099 4363 1182 4413 20.
1212 4369 1332 4432 νῆες
1355 4361 1556 4415 ABRz
1602 4363 1624 4425 Η
1670 4363 1755 4414 τὸν
1781 4358 1995 4428 ἀριθμὸν
2020 4360 2050 4412 b
2092 4361 2116 4423 ΙΙ
2165 4360 2248 4410 21.
2288 4358 2424 4413 λεω-

175 4428 353 4502 τυχιδης
376 4431 580 4486 bieAm
635 4432 658 4495 ΙΙ
719 4428 955 4499 μενάριος
984 4429 1034 4483 G
1086 4432 1108 4494 ΙΙ
1170 4432 1254 4482 22.
1365 4429 1486 4482 ίλεω
1512 4430 1571 4482 R
1624 4431 1649 4492 ΙΙ
1705 4430 1789 4481 24.
1827 4425 2078 4497 χαρίλλου
2104 4429 2177 4490 R,
2202 4427 2420 4512 χαρίλου

176 4499 314 4552 ceteri
354 4504 376 4567 ΙΙ
421 4505 513 4552 τοῦ
537 4498 792 4569 ἠρακλίος
814 4504 906 4552 τοῦ
930 4499 1145 4568 εὐνόμου
1178 4498 1226 4552 0
1258 4502 1282 4565 fl
1367 4498 1649 4552 ολυδέκτεω
1676 4495 2045 4550 Valckenaer=
2084 4495 2423 4557 πολυοέκτεος
