3059 5125
1123 384 1515 450 -Γ-
2331 388 2456 450 273

192 564 349 634 ἰέναι
385 560 495 635 διὰ
528 572 654 663 τῆς
689 563 971 661 ψάμμου
1007 562 1116 635 ἐπὶ
1152 559 1383 660 σφέας,
1438 558 1753 659 γενέσθαι
1804 586 1877 632 τε
1927 559 2176 642 αὐτοὺς
2212 560 2457 655 μεταξύ

192 710 303 754 κου
341 681 626 778 μάλιστα
663 681 885 754 αὐτῶν
934 708 1007 755 τε
1060 684 1168 754 καὶ
1212 690 1338 782 τῆς
1366 670 1662 762 Ὀάσιος,
1705 677 1971 780 ἄριστον
2009 680 2458 780 αἱρεομένοισι

191 803 438 876 αὐτοῖσι
475 802 869 875 ἐπιπνεῦσαι
907 804 1096 875 νότον
1136 802 1343 899 μέγαν
1380 827 1451 873 τε
1490 803 1601 873 καὶ
1637 800 1940 883 ἐξαίσιον,
2003 799 2332 900 φορέοντα
2381 798 2456 872 δὲ

190 921 377 1003 θῖνας
432 931 558 1023 τῆς
611 920 891 1021 ψάμμου
942 924 1335 1019 καταχῶσαί
1389 947 1640 1018 σφεας,
1718 924 1825 993 καὶ
1889 923 2117 1020 τρόπῳ
2172 921 2457 1016 τοιούτῳ

124 1063 155 1111 5
190 1040 663 1142 ἀφανισθῆναι.
756 1028 1139 1136 Ἀμμώνιοι
1194 1039 1317 1134 μὲν
1372 1038 1551 1111 οὕτω
1608 1040 1880 1139 λέγουσι
1936 1041 2251 1138 γενέσθαι
2305 1041 2457 1140 περὶ

186 1169 304 1261 τῆς
341 1167 662 1261 στρατιῆς
695 1162 969 1260 ταύτης.

327 1270 746 1377 Ἀπιγμένου
798 1278 873 1351 δὲ
913 1277 1307 1381 Καμβύσεω
1356 1276 1426 1361 ἐς
1472 1274 1748 1378 Μέμφιν
1788 1279 2001 1381 ἐφάνη
2043 1278 2458 1380 Αἰγυπτίοισι
2483 1291 2562 1354 27

186 1395 471 1481 ὁἈπις.
513 1401 623 1470 τὸν
648 1393 996 1498 οΈλληνες
1018 1387 1337 1498 Ἔπαφον
1375 1398 1725 1474 καλέουσι·
1784 1398 2145 1500 ἐπιφανέος
2190 1399 2263 1473 δέ
2300 1403 2454 1474 τού-

183 1547 296 1593 του
332 1517 695 1619 γενομένου
744 1518 982 1591 αὐτίκα
1030 1520 1090 1591 οί
1128 1515 1474 1617 Αἰγύπτιοι
1528 1516 1773 1616 εἵματα
1825 1518 2105 1621 ἐφόρεον
2159 1520 2242 1594 τὰ
2291 1521 2454 1593 κάλ-

92 1664 147 1713 ιυ
185 1640 378 1713 λιστα
416 1641 526 1711 καὶ
574 1640 748 1738 ἦσαν
801 1639 870 1711 ἐν
920 1638 1219 1740 θαλίῃσι.
1316 1638 1472 1711 ἰδὼν
1512 1637 1588 1712 δὲ
1625 1645 1834 1713 ταῦτα
1870 1641 2029 1719 τοὺς
2062 1636 2457 1740 Αἰγυπτίους

178 1764 531 1839 ποιεῦντας
566 1758 601 1829 ὁ
641 1754 1044 1859 Καμβύσης,
1102 1759 1331 1857 πάγχυ
1383 1759 1598 1857 σφέας
1637 1758 2003 1843 καταδόξας
2039 1758 2293 1833 ἑωυτοῦ
2333 1785 2476 1867 κα-,

180 1889 311 1959 κῶς
358 1876 735 1979 πρήξαντος
788 1881 1181 1978 χαρμόσυνα
1235 1884 1447 1952 ταῦτα
1504 1878 1775 1963 ποιέειν,
1834 1878 2066 1953 ἐκάλεε
2113 1880 2269 1961 τοὺς
2305 1877 2454 1952 ἐπι-·

179 2002 467 2099 τρόπους
515 2006 638 2099 τῆς
691 1991 1028 2095 Μέμφιος,
1092 1994 1541 2093 ἀπικομένους
1597 1996 1672 2070 δὲ
1724 1997 1795 2079 ἐς
1845 1997 1993 2098 ὄψιν
2043 2000 2256 2099 εἴρετο
2306 1998 2348 2070 ὅ
2394 2024 2455 2069 τι

176 2122 502 2219 πρότερον
544 2114 664 2213 μὲν
704 2116 935 2197 ἐόντος
971 2116 1174 2189 αὐτοῦ
1214 2116 1282 2189 ἐν
1320 2113 1564 2217 Μέμφι
1617 2116 1878 2191 ἐποίευν
1917 2124 2217 2191 τοιοῦτον
2258 2116 2454 2190 οὐδὲν

88 2260 142 2308 15
176 2235 555 2336 Αἰγύπτιοι,
591 2236 740 2309 τότε
775 2234 849 2308 δὲ
883 2236 1027 2310 ἐπεὶ
1061 2237 1262 2319 αὐτὸς
1296 2241 1543 2338 παρείη
1581 2243 1707 2338 τῆς
1742 2245 2059 2338 στρατιῆς
2091 2236 2361 2339 πλῆθός
2397 2263 2459 2309 τι

178 2356 569 2459 ἀποβαλών.
665 2358 726 2428 οί
764 2354 836 2428 δὲ
872 2357 1166 2457 ἔφραζον
1223 2358 1319 2438 ὥς
1365 2384 1482 2455 σφι
1534 2357 1694 2439 θεὸς
1727 2359 1832 2457 εἴη
1874 2358 2109 2457 φανεὶς
2145 2354 2254 2430 διὰ
2289 2360 2455 2458 χρό-

175 2505 292 2549 νου
347 2476 607 2550 πολλοῦ
656 2474 896 2559 ἐωθὼς
948 2476 1449 2576 ἐπιφαίνεσθαι,
1506 2480 1618 2551 καὶ
1666 2479 1763 2558 ὡς
1814 2474 2014 2550 ἐπεὰν
2069 2480 2256 2578 φανῇ
2307 2479 2458 2549 τότε

175 2598 426 2679 πάντες
460 2593 806 2696 Αἰγύπτιοι
862 2599 1316 2698 κεχαρηκότες
1370 2598 1735 2698 ὁρτάζοιεν.
1824 2605 2035 2671 ταῦτα
2083 2596 2375 2680 ἀκούσας
2421 2597 2457 2668 ὸ

181 2714 572 2819 Καμβύσης
609 2716 744 2817 ἔφη
798 2717 1162 2816 ψεύδεσθαί
1199 2743 1413 2817 σφεας
1455 2720 1565 2790 καὶ
1618 2719 1714 2800 ὡς
1754 2716 2207 2816 ψευδομένους
2241 2716 2456 2790 θανά-

76 2859 141 2908 20
176 2864 277 2935 τῳ
315 2838 624 2937 ἐζημίου.
721 2834 1112 2918 ἀποκτείνας
1148 2834 1222 2908 δὲ
1258 2839 1534 2919 τούτους
1571 2838 1847 2937 δεύτερα
1882 2839 2038 2921 τοὺς
2078 2838 2259 2937 ίρέας
2296 2836 2455 2910 ἐκά-
2481 2846 2563 2909 28

176 2958 289 3030 λεε
329 2957 401 3038 ἐς
438 2955 626 3056 ὄψιν·
691 2955 1023 3054 λεγόντων
1079 2955 1153 3029 δὲ
1206 2957 1373 3031 κατὰ
1421 2956 1629 3031 ταύτὰ
1663 2965 1796 3029 τῶν
1838 2956 2056 3058 ἱρέων,
2106 2956 2187 3028 ού
2226 2957 2457 3057 λήσειν

178 3077 316 3176 ἔφη
373 3076 571 3148 αὐτὸν
620 3076 678 3149 εἰ
726 3076 885 3157 θεός
919 3101 1018 3158 τις
1051 3076 1431 3177 χειροήθης
1467 3074 1831 3175 ἀπιγμένος
1865 3079 1972 3178 εἴη
2017 3073 2452 3174 Αἰγυπτίοισι.

178 3202 474 3270 τοσαῦτα
513 3193 590 3268 δὲ
627 3198 821 3278 εἴπας
857 3195 1132 3296 ἀπάγειν
1190 3195 1456 3271 ἐκέλευε
1507 3191 1846 3270 τὸνἊπιν
1895 3199 2051 3278 τοὺς
2101 3196 2302 3297 ἱρέας.
2395 3198 2457 3268 οἱ

180 3315 308 3410 μὲν
347 3317 431 3416 δὴ
471 3319 797 3416 μετήισαν
837 3316 1125 3398 ἄξοντες.
1211 3316 1247 3387 ὁ
1287 3314 1361 3388 δὲ
1378 3309 1595 3398 Ἀπις
1630 3315 1826 3399 οὗτος
1861 3318 1897 3388 ὁ
1921 3304 2243 3416 Ἔπαφος·
2277 3322 2456 3416 γίνε-

67 3457 137 3507 25
177 3460 295 3508 ται
346 3438 602 3534 μόσχος
650 3434 725 3509 ἐκ
784 3437 943 3538 βοὸς
990 3436 1141 3535 ἥτις
1187 3435 1406 3509 οὐκέτι
1458 3434 1570 3536 οἴη
1622 3461 1693 3509 τε
1748 3440 1995 3534 γίνεται
2043 3436 2115 3518 ἐς
2163 3435 2458 3536 γαστέρα

181 3553 389 3628 ἄλλον
426 3555 798 3659 βάλλεσθαι
835 3556 1058 3654 γόνον.
1135 3549 1487 3655 Αἰγύπτιοι
1524 3555 1600 3629 δὲ
1639 3556 1909 3655 λέγουσι
1947 3557 2151 3638 σέλας
2186 3557 2296 3630 ἐπὶ
2333 3559 2456 3656 τὴν

295 3987 340 4036 1.
378 3985 487 4058 ψάμ
531 4001 624 4040 ου·
654 3982 814 4039 emto
880 4003 940 4045 ας
965 3983 1196 4057 γενέσθαι
1221 3986 1280 4040 R
1325 3989 1347 4053 11
1392 3987 1465 4053 τε]
1494 4003 1551 4039 τε
1574 3985 1663 4039 καὶ
1688 3987 1727 4039 d
1769 3987 1792 4052 11
1840 3986 1892 4041 2.
1930 3982 2126 4039 αὐτέων
2150 3985 2372 4040 ABCdz
2430 3987 2453 4052 11

185 4050 219 4105 δ
243 4052 382 4113 donoc
407 4053 457 4107 R
489 4005 768 4127 ffdpwtov]
799 4003 1003 4108 ἕειστον
1029 4054 1085 4108 δὲ
1109 4075 1152 4108 z.
1194 4055 1418 4110 fortasse
1442 4056 1530 4109 καὶ
1556 4054 1757 4127 ἄριστον
1798 4057 1821 4121 11
1863 4056 1911 4107 3.
1942 4052 2162 4107 αὐτέοισι
2186 4055 2387 4109 ΑΒΟᾱ

186 4120 375 4182 ἐξέσιον
401 4125 456 4178 R
492 4127 515 4190 11
558 4127 606 4177 8.
638 4124 666 4177 ὁ
694 4141 800 4177 om.
922 4127 946 4190 11
984 4123 1104 4184 ἅπις
1130 4125 1179 4179 L
1204 4123 1296 4177 ubi
1342 4143 1407 4178 ue
1442 4127 1465 4192 11
1500 4125 1771 4179 καλέουσιν
1797 4123 1992 4196 ἱπαφον
2019 4124 2076 4176 R
2123 4125 2146 4190 11
2193 4125 2241 4177 9.
2271 4121 2422 4193 εῐματ

186 4205 246 4241 τε
271 4191 355 4263 ἔφε
466 4194 521 4247 R
639 4195 718 4246 10.
756 4195 933 4258 ταῦτα]
962 4199 1121 4248 ταῦτα
1144 4193 1258 4247 τότε
1287 4141 1343 4248 ἦ
1400 4197 1425 4262 11
1485 4197 1565 4247 11.
1605 4194 1677 4247 πά
1750 4192 1779 4246 ύ
1804 4211 1959 4266 σφεας
1983 4193 2155 4247 ΑΒΡ
2192 4194 2215 4258 11
2272 4191 2456 4246 ἑαυτοῦ

192 4258 284 4312 Pa
344 4209 512 4326 {mn-
580 4261 765 4316 κάλεσε
797 4262 956 4317 0sz
1027 4265 1050 4329 11
1126 4264 1206 4316 13.
1246 4262 1574 4333 ἀπικομένων
1600 4212 1746 4329 Ιίτῇ
1816 4265 1895 4319 Η.
1937 4262 2091 4316 αὐτοῦ
2117 4260 2289 4321 ἐόντος
2315 4262 2372 4314 R
2441 4263 2459 4330 Ἰ

198 4328 284 4379 15.
323 4329 487 4402 ἐπειδὴ
514 4330 567 4383 R
622 4333 645 4398 11
709 4332 789 4385 16.
828 4331 929 4403 εἴη]
959 4330 1143 4404 παρείη
1168 4350 1229 4402 qz
1283 4334 1307 4399 11
1370 4333 1450 4386 ¹7.
1492 4330 1690 4391 εἰωθὼς
1720 4333 1773 4385 R
1832 4335 1854 4398 11
1924 4333 2004 4387 18.
2043 4330 2243 4398 πάντες]
2273 4330 2456 4390 πάντες

191 4394 249 4448 οἱ
278 4395 403 4464 ΟΡι,
428 4415 533 4452 om.
564 4401 622 4454 R
688 4403 712 4466 11
782 4399 1067 4473 ἐορτάζοιεν
1092 4402 1130 4455 ά
1194 4405 1217 4469 11
1298 4404 1372 4457 19.
1411 4399 1635 4455 θανάτου
1663 4403 1720 4455 R
1788 4405 1810 4467 11
1881 4402 1963 4452 20.
2008 4400 2051 4452 {a
2084 4399 2169 4459 έας
2193 4405 2264 4466 Α,
2295 4399 2456 4472 ἱερέας

194 4464 298 4518 Ba
336 4470 358 4533 fl
399 4470 479 4522 21.
514 4475 675 4523 ταῦτα
700 4471 753 4533 d,
778 4471 843 4523 τὰ
866 4470 993 4524 αὐτὰ
1021 4471 1154 4524 PRz
1206 4474 1230 4537 11
1289 4470 1462 4543 ἱερέων
1488 4471 1587 4524 Ra
1636 4473 1660 4537 11
1717 4471 1801 4523 23.
1842 4469 1982 4543 ἅγειν
2011 4418 2082 4533 Rp,
2114 4469 2317 4541 ἐπάγειν
2340 4488 2392 4521 ⁸:
2440 4469 2458 4538 11

194 4549 471 4620 ἓερέαςΒᾱ
509 4558 531 4622 fl
578 4559 661 4608 24.
705 4555 948 4628 μετῆὶσαν
971 4559 1098 4623 ΑΒ,
1126 4562 1351 4627 μετῆσαν
1377 4556 1543 4610 ceteri
1590 4559 1612 4622 11
1661 4558 1742 4608 26.
1786 4556 2029 4626 βαλέσθαι
2056 4560 2113 4612 R

304 4651 550 4699 Kondota..
1981 4662 2045 4712 18
