3059 5125
501 372 770 417 xxxvm
1493 349 1787 404 Praefatio.

497 530 627 601 sed
672 528 778 600 ita
820 529 1118 600 demum
1165 525 1448 600 absolvi
1498 527 1560 600 si
1579 581 1598 614 ,
1646 526 2003 622 quidquid
2054 526 2369 600 alterum
2404 526 2563 600 vitii
2609 509 2787 599 con-

498 656 827 743 traxerit,
866 656 1169 730 alterius
1206 655 1486 730 auxilio
1521 654 1837 743 eluatur,
1873 656 2205 732 adhibita
2239 666 2489 730 tamen
2533 656 2789 728 iudicii

499 786 864 873 cautione,
910 810 1031 873 ne,
1069 809 1579 881 quaecumque
1616 785 1953 866 videatur
1990 784 2303 858 alterum
2340 811 2517 879 prae
2553 785 2788 862 altero

501 914 820 990 cultiora
893 924 1024 988 aut
1096 914 1479 990 usitatiora
1537 915 1829 997 offerre,
1912 915 2250 1010 cupidius
2316 915 2783 1009 arripiantur.

499 1044 909 1141 generatim
945 1052 1194 1120 autem
1243 1069 1329 1116 ac
1377 1044 1693 1119 breviter
1743 1054 1829 1118 ut
1876 1046 2353 1139 pronuntiem
2390 1046 2589 1140 quod
2623 1044 2791 1118 diu-

502 1185 723 1247 turno
773 1198 914 1246 usu
963 1173 1311 1269 varioque
1352 1173 1861 1268 experimento
1911 1174 2166 1246 didici:
2228 1170 2289 1246 X
2340 1174 2571 1248 habet
2618 1198 2791 1269 spe-

502 1304 686 1378 ciem
731 1302 1076 1376 orationis
1127 1301 1506 1398 aliquanto
1570 1303 1935 1378 rudiorem
1999 1327 2317 1397 casuque
2369 1311 2501 1378 aut
2548 1329 2791 1378 errore

500 1434 871 1506 interdum
919 1434 1291 1508 turbatam
1333 1439 1412 1506 et
1460 1431 1781 1508 laceram
1819 1457 2131 1527 raroque
2178 1456 2407 1508 manu
2440 1435 2793 1508 emenda—

502 1563 681 1635 trice
719 1558 1092 1648 refectam,
1120 1562 1248 1635 sed
1283 1585 1446 1634 eam
1476 1561 1712 1656 ipsam
1745 1563 1839 1634 ob
1875 1586 2170 1636 causam
2208 1586 2252 1634 a
2280 1563 2426 1635 fide
2464 1563 2793 1657 antiqui-

503 1690 673 1765 tatis
724 1690 1452 1764 commendatiorem:
1522 1700 1777 1764 contra
1816 1687 1882 1762 Ψ
1926 1691 2141 1764 sicuti
2190 1692 2695 1786 purgatiorem
2748 1718 2795 1763 a

503 1820 787 1894 mendis
839 1827 914 1893 et
963 1818 1434 1914 integriorem
1484 1845 1531 1891 a
1578 1817 1886 1906 lacunis,
1949 1820 2057 1892 ita
2098 1821 2303 1893 haud
2348 1845 2511 1892 raro
2562 1820 2795 1916 plane

502 1948 1050 2042 interpolatam:
1119 1950 1301 2022 adeo
1351 1957 1436 2021 ut
1486 1949 1549 2020 si
1599 1973 1833 2022 unum
1885 1945 1947 2022 X
2011 1949 2450 2024 haberemus
2502 1947 2789 2024 fontem

500 2078 835 2152 lectionis
855 2134 873 2165 ‚
934 2077 1316 2173 aliquanto
1363 2076 1775 2173 legeremus
1824 2078 2285 2151 Herodotum
2335 2080 2793 2174 impeditam,

502 2208 618 2283 sin
654 2232 888 2282 unum
923 2203 1013 2294 Ψ,
1051 2214 1344 2301 praeter
1379 2206 1760 2284 veritatem
1796 2232 2315 2303 nonnusquam
2347 2207 2789 2303 expolitum.

503 2345 579 2412 et
613 2361 916 2411 mancus
966 2345 1080 2412 est
1126 2333 1190 2410 X
1235 2359 1414 2430 prae
1465 2334 1698 2410 altero
1748 2346 1879 2410 aut
1923 2338 2091 2413 totis
2138 2338 2468 2412 versibus
2505 2336 2569 2410 B
2616 2340 2790 2414 143.

504 2464 559 2538 Δ
599 2468 719 2539 20.
765 2466 887 2553 33,
937 2462 1244 2559 proclivi
1292 2465 1409 2537 his
1447 2466 1735 2542 duobus
1778 2464 1957 2538 locis
2010 2475 2315 2561 propter
2364 2467 2795 2544 homoeote-

503 2597 764 2670 leuton
798 2620 1060 2682 errore‚
1116 2620 1262 2691 quo
1302 2595 1600 2690 quidem
1635 2596 1714 2670 in
1757 2596 1824 2668 0
1862 2594 2054 2668 nihil
2090 2606 2201 2670 est
2236 2597 2596 2670 crebrius:
2658 2609 2797 2673 aut

506 2750 657 2799 uno
695 2723 1126 2820 pluribusve
1164 2724 1429 2812 verbis,
1482 2734 1569 2797 ut
1612 2725 1675 2797 B
1717 2727 1836 2799 46.
1881 2728 2000 2799 75.
2046 2727 2167 2798 81.
2218 2727 2383 2799 178.
2456 2724 2509 2798 Γ
2547 2729 2616 2800 9.
2660 2729 2788 2803 36.

508 2857 627 2927 44.
668 2856 788 2927 45.
832 2855 952 2927 98.
1001 2855 1169 2926 104.
1220 2855 1385 2926 117.
1434 2855 1603 2927 127.
1653 2856 1820 2928 160.
1909 2851 1964 2925 Δ
2009 2855 2122 2926 14.
2174 2855 2288 2927 19.
2334 2857 2452 2928 40.
2497 2857 2617 2929 71.
2661 2859 2788 2930 84.

509 2980 678 3057 1:392
697 2979 744 3055 ζ.
788 2980 938 3057 Ι-Ι6.
967 2982 1133 3055 103.
1176 2978 1226 3055 Θ
1253 2984 1420 3056 129.
1495 3008 1670 3055 nam
1700 2983 1881 3056 Β4Ο
1922 2984 2156 3055 oratio
2192 2983 2445 3057 hiulca
2480 3009 2575 3058 ne
2610 2986 2690 3058 in
2728 2985 2794 3057 Ψ

508 3113 806 3207 quidem
843 3111 1066 3206 plena
1101 3113 1231 3185 sed
1265 3111 1571 3207 expleta
1603 3121 1716 3188 est
1757 3111 1979 3207 idque
2016 3113 2189 3189 satis
2240 3112 2659 3208 pueriliter:
2700 3125 2795 3188 rat

507 3239 560 3313 Z
586 3242 726 3317 122
760 3266 848 3313 ac
870 3238 1172 3317 forsitan
1202 3239 1496 3317 etiamZ
1514 3243 1611 3315 98
1641 3241 1722 3313 in
1753 3243 2009 3317 eodem
2039 3266 2135 3315 ne
2164 3240 2463 3337 expleta
2490 3243 2795 3338 quidem

506 3372 636 3444 sed
671 3369 928 3447 alienis
965 3378 1283 3445 onerata.
1359 3378 1615 3443 contra
1648 3395 1738 3447 oa
1773 3394 1940 3445 cum
1976 3371 2135 3445 hiet
2167 3371 2248 3445 in
2280 3368 2345 3444 Ψ
2381 3371 2539 3445 solo
2563 3373 2630 3445 Β
2660 3376 2788 3448 67.

508 3502 629 3575 70.
686 3497 739 3571 Γ
785 3501 950 3577 144.
997 3496 1052 3570 Δ
1097 3500 1263 3573 191.
1314 3495 1377 3569 H
1425 3500 1541 3585 11,
1579 3501 1661 3573 in
1696 3501 1954 3573 eodem
1991 3500 2449 3597 agnoscimus
2485 3527 2793 3579 manum

505 3629 878 3724 scriptoris
931 3653 1083 3702 non
1132 3628 1547 3705 restitutam
1608 3630 1737 3701 sed
1802 3653 1847 3700 a
1895 3629 2132 3723 primo
2196 3639 2555 3707 servatam
2617 3656 2793 3709 cum

506 3757 683 3832 alibi
719 3766 878 3832 turn
911 3758 1113 3831 hisce
1148 3756 1352 3844 locis,
1402 3757 1466 3831 B
1503 3759 1599 3833 79
1638 3755 1873 3838 ἐπάξια
1912 3755 2112 3853 (ἅπαξ
2149 3756 2240 3855 ἅ),
2300 3761 2395 3835 92
2433 3764 2791 3843 πτίσαντες

507 3885 1005 3985 (ὀπτήσαντες),
1073 3888 1211 3960 178
1253 3882 1499 3969 Κνίδος
1538 3882 1787 3982 (Χίος),
1848 3883 1902 3963 Γ
1951 3889 2049 3961 20
2102 3885 2175 3969 ἐς
2230 3888 2426 3969 τέλος
2482 3886 2788 3988 (ἕτερος),

507 4011 562 4085 Δ
601 4017 697 4087 25
736 4014 1089 4112 αἰγίποδας
1127 4012 1583 4116 (ἱπποβάτας),
1646 4016 1735 4087 41
1796 4018 2021 4113 στεινή
2078 4014 2221 4091 ἐστι
2277 4015 2444 4112 (ἐστὶ
2493 4012 2541 4115 ᾖ
2596 4017 2786 4114 ἐστι),

513 4145 607 4217 76
648 4139 930 4236 Τύμνεω
969 4142 1110 4239 (τοῦ
1148 4142 1329 4239 νεώ),
1373 4137 1431 4215 Ε
1472 4146 1567 4217 77
1608 4141 1910 4244 βοηθούς
1947 4140 2381 4240 (Βοιωτούς);
2424 4156 2584 4219 tum
2620 4173 2796 4222 vero

509 4271 732 4347 etiam
797 4271 1044 4346 dedita
1117 4296 1340 4367 opera
1409 4271 1816 4367 expolitam
1891 4281 1967 4349 et
2036 4283 2434 4351 correctam
2456 4330 2475 4362 ‚
2540 4276 2795 4370 qualia

508 4426 727 4475 nemo
761 4425 915 4475 non
944 4403 1294 4475 concedet
1328 4425 1484 4476 esse
1533 4401 1596 4473 B
1637 4404 1733 4475 66
1771 4406 1981 4475 ταῦτα
2030 4400 2103 4479 δὲ
2150 4402 2499 4499 γινόμενα]
2530 4405 2789 4481 τούτων

510 4527 587 4602 δὲ
636 4530 1042 4628 γιγνομένων
1095 4538 1203 4617 et,
1259 4531 1456 4625 quod
1507 4529 1764 4607 similis
1806 4530 2099 4626 peperit
2130 4531 2354 4619 ratio,
2406 4528 2461 4605 Γ
2502 4533 2601 4609 99
2632 4504 2790 4607 δια-
