3059 5125
1079 325 1474 385 -Α-
2301 325 2422 385 105

177 497 393 597 ἐβίωσε
448 497 521 567 δέ
576 498 796 569 πάντα
851 499 1058 569 εἴκοσι
1121 501 1227 569 καὶ
1279 498 1534 569 ἑκατόν.
1672 500 1891 594 τούτῳ
1943 498 2029 595 δὴ
2083 501 2182 592 τῷ
2235 497 2419 594 ἀνδρὶ

174 617 546 714 προσφιλέες
584 621 647 688 οἱ
675 615 1014 697 Φωκαιέες
1046 617 1224 689 οὕτω
1263 618 1349 715 δή
1389 643 1451 689 τι
1487 617 1791 714 ἐγένοντο
1829 622 1926 698 ὡς
1962 616 2043 688 τὰ
2077 616 2194 710 μὲν
2230 626 2419 715 πρῶ-

171 739 242 809 τά
276 747 474 834 σφεας
509 738 907 817 ἐκλιπόντας
935 725 1209 836 Ἰωνίην
1247 738 1511 811 ἐκέλευε
1563 747 1688 838 τῆς
1739 737 1995 810 ἑωυτοῦ
2048 742 2286 836 χώρης
2322 739 2421 808 οί-
2455 795 2461 800 .

169 865 346 956 κῆσαι
380 857 537 928 ὅκου
577 857 945 957 βούλονται,
1006 857 1176 950 μετὰ
1212 857 1304 934 δέ,
1359 860 1455 939 ὡς
1490 861 1689 930 τοῦτό
1727 885 1802 954 γε
1840 859 1959 930 οὐκ
1995 857 2224 929 ἔπειθε
2269 860 2424 938 τοὺς

110 997 134 1040 5
166 975 514 1058 Φωκαιέας,
558 977 595 1047 ὁ
634 976 709 1050 δέ
744 979 1123 1071 πυθόμενος
1159 980 1270 1048 τὸν
1315 972 1555 1077 Μῆδον
1593 967 1757 1075 παρ’
1804 977 2027 1049 αὐτῶν
2064 981 2159 1057 ὡς
2195 978 2421 1067 αὔξοι-

161 1124 256 1180 το,
329 1098 549 1170 ἐδίδου
615 1124 733 1194 σφι
798 1101 1120 1196 χρήματα
1174 1097 1396 1194 τεῖχος
1463 1097 1953 1198 περιβαλέσθαι
2010 1101 2130 1196 τὴν
2185 1098 2417 1169 πόλιν·

163 1217 358 1289 ἐδίδου
394 1216 469 1289 δέ
511 1215 874 1314 ἀφειδέως·
932 1220 1041 1288 καὶ
1078 1216 1203 1314 γὰρ
1243 1219 1352 1288 καί
1403 1219 1449 1315 ἡ
1498 1219 1812 1317 περίοδος
1848 1224 1968 1290 τοῦ
2004 1223 2265 1315 τείχεος
2302 1218 2423 1289 οὐκ

159 1338 348 1434 ὀλίγον.
381 1339 640 1410 στάδιοί
678 1337 821 1420 εἰσι,
873 1342 1071 1409 τοῦτο
1122 1336 1197 1409 δὲ
1232 1342 1364 1409 πᾶν
1406 1337 1615 1409 λίθων
1658 1339 1968 1435 μεγάλων
2008 1343 2112 1410 καὶ
2150 1340 2226 1409 εὖ
2263 1364 2421 1410 συν-

160 1458 614 1556 αρμοσμένων.
727 1460 802 1528 τὸ
870 1457 991 1549 μὲν
1054 1458 1141 1554 δὴ
1206 1461 1429 1554 τεῖχος
1491 1461 1664 1531 τοῖσι
1739 1456 2116 1531 Φωκαιεῦσι
2183 1461 2413 1556 τρόπῳ
2440 1474 2557 1535 164

90 1599 131 1646 ιο
157 1579 371 1676 τοιῷδε
409 1577 807 1675 ἐξεποιήθη.
872 1579 908 1647 ὁ
946 1577 1020 1650 δὲ
1045 1566 1401 1675 Ἅρπαγος
1438 1582 1535 1658 ὡς
1571 1577 1875 1675 ἐπήλασε
1913 1581 2038 1676 τὴν
2075 1583 2415 1677 στρατιήν,

154 1700 525 1797 ἐπολιόρκεε
591 1698 870 1779 αὐτούς,
946 1701 1439 1796 προϊσχόμενος
1499 1696 1669 1769 ἔπεα
1735 1700 1831 1779 ὥς
1885 1701 1947 1770 οἱ
2005 1702 2311 1795 καταχρᾷ
2366 1700 2421 1769 εί

150 1818 486 1916 βούλονται
550 1816 891 1899 Φωκαιέες
956 1827 1418 1916 προμαχεῶνα
1484 1817 1607 1892 ἕνα
1666 1824 1912 1912 μοῦνον
1982 1825 2099 1889 τοῦ
2164 1824 2422 1916 τείχεος

151 1940 383 2035 ἐρεῖψαι
439 1940 555 2011 καὶ
610 1940 863 2037 οἴκημα
913 1937 981 2010 ἓν
1041 1947 1422 2036 κατιρῶσαι.
1546 1941 1605 2010 οἱ
1661 1937 1736 2009 δὲ
1788 1937 2128 2019 Φωκαιέες
2176 1965 2419 2036 περιηἡ

152 2059 534 2150 μεκτέοντες
567 2061 654 2157 τῇ
693 2058 1069 2156 δουλοσύνῃ
1128 2057 1385 2155 ἔφασαν
1436 2058 1661 2130 θέλειν
1714 2059 2205 2159 βουλεύσασθαι
2243 2058 2418 2155 ἡμέ-

99 2196 126 2242 5
152 2203 257 2275 ρην
317 2184 475 2272 μίαν
543 2181 650 2249 καὶ
701 2177 933 2250 ἔπειτα
993 2177 1538 2277 ὑποκρινέεσθαι·
1614 2180 1685 2250 ἐν
1747 2175 1805 2276 ᾧ
1857 2178 1931 2252 δὲ
1991 2180 2419 2281 βουλεύονται

149 2297 346 2380 αὐτοί,
420 2296 801 2395 ἀπαγαγεῖν
866 2299 1117 2371 ἐκεῖνον
1175 2298 1485 2372 ἐκέλευον
1549 2302 1670 2397 τὴν
1725 2304 2042 2398 στρατιὴν
2110 2299 2243 2373 ἀπὸ
2301 2307 2421 2371 τοῦ

143 2423 402 2516 τείχεος.
503 2419 545 2487 ὁ
595 2408 655 2489 δ’
703 2412 1057 2517 (Ἅρπαγος
1107 2418 1242 2517 ἔφη
1295 2419 1541 2491 εἰδέναι
1582 2416 1704 2512 μὲν
1744 2420 1818 2491 εὖ
1854 2419 1939 2491 τὰ
1973 2421 2210 2492 ἐκεῖνοι
2253 2421 2419 2514 μέλ-

145 2539 305 2610 λοιεν
339 2537 623 2620 ποιέειν,
670 2539 860 2633 ὅμως
896 2538 972 2613 δέ
1008 2566 1129 2637 σφι
1163 2539 1476 2639 παριέναι
1514 2539 2034 2641 βουλεύσασθαι.
2118 2542 2188 2614 ἐν
2231 2535 2290 2638 ᾧ
2323 2539 2416 2611 ὦν

141 2661 171 2727 ὸ
209 2654 570 2757 Ἅρπαγος
619 2656 754 2730 ἀπὸ
807 2666 927 2731 τοῦ
973 2665 1230 2756 τείχεος
1267 2656 1581 2758 ἀπήγαγε
1617 2664 1738 2758 τὴν
1777 2668 2116 2760 στρατιήν,
2160 2664 2222 2732 οἱ
2259 2660 2418 2733 Φω-

90 2796 114 2843 o
143 2779 344 2859 καιέες
393 2779 467 2850 ἐν
518 2780 740 2874 τούτῳ
791 2781 1345 2861 κατασπάσαντες
1392 2778 1511 2861 τὰς
1567 2781 2150 2879 πεντηκοντέρους,
2219 2782 2418 2855 ἐσθέ-

144 2925 315 2989 μενοι
351 2899 561 2970 τέκνα
599 2901 707 2971 καὶ
744 2902 1059 2997 γυναῖκας
1114 2902 1222 2971 καὶ
1275 2898 1527 2971 ἔπιπλα
1578 2900 1815 2982 πάντα,
1876 2904 2043 2999 πρὸς
2082 2901 2155 2974 δέ
2195 2906 2301 2974 καὶ
2339 2903 2421 2975 τὰ

141 3017 490 3113 ἀγάλματα
528 3019 615 3091 τὰ
662 3019 738 3090 ἐκ
789 3026 921 3090 τῶν
975 3021 1134 3116 ἱρῶν
1183 3026 1289 3090 καὶ
1326 3020 1409 3091 τὰ
1447 3019 1622 3092 ἄλλα
1658 3019 2087 3118 ἀναθήματα,
2130 3027 2344 3119 χωρὶς
2381 3024 2419 3092 ὅ

143 3164 192 3209 τι
226 3140 486 3237 χαλκὸς
525 3140 572 3236 ἢ
614 3139 803 3221 λίθος
840 3139 884 3236 ἢ
925 3143 1154 3238 γραφὴ
1191 3142 1300 3238 ἧν,
1364 3140 1446 3213 τὰ
1494 3139 1569 3211 δὲ
1622 3140 1800 3212 ἄλλα
1851 3140 2067 3212 πάντα
2106 3142 2419 3222 ἐσθέντες
2454 3202 2463 3209 .

141 3262 234 3329 καὶ
273 3260 472 3331 αὐτοὶ
521 3258 838 3360 ἐσβάντες
893 3259 1136 3331 ἔπλεον
1193 3259 1302 3331 ἐπὶ
1341 3259 1527 3332 Χίου.
1624 3263 1746 3359 τὴν
1780 3261 1853 3333 δέ
1889 3259 2212 3361 Φωκαίην
2251 3263 2415 3360 ἐρη»

90 3398 109 3443 ὐ
142 3381 478 3471 μωθεῐσαν
519 3378 785 3478 ἀνδρῶν
825 3379 1029 3477 ἔσχον
1069 3382 1130 3450 οί
1168 3378 1445 3477 Πέρσαι.
1541 3384 1601 3451 οί
1652 3381 1724 3453 δὲ
1774 3378 2134 3463 Φωκαιέες,
2199 3383 2556 3454 ἐπείτε165

439 3662 558 3712 πῶς
582 3649 841 3712 Φωκαιείς
864 3650 1214 3723 ἀπανέστησαν
1236 3658 1331 3723 τῆς
1356 3654 1595 3726 πατρίδος

155 3813 418 3821 Ἢ,,,,
443 3815 498 3820 --0

333 3916 382 3966 6.
440 3911 618 3966 ἐδίδου
657 3943 686 3952 -
721 3911 868 3964 πόλιν
892 3910 1130 3965 Thomas
1156 3914 1234 3966 Μ.
1278 3932 1331 3984 p.
1364 3917 1482 3967 293.
1552 3944 1611 3953 —
1680 3916 1758 3965 13.
1801 3914 1847 3967 οἱ
1875 3914 1931 3967 δὲ
1970 3948 1996 3956 -
2040 3918 2097 3966 14
2138 3914 2418 3987 δουλοσύνῃ

240 3982 457 4045 ζὸιιίἀαε
481 4000 536 4034 v.
566 3980 847 4055 δουλοσύνῃ
872 3990 928 4035 et
951 4000 999 4034 v.
1032 3983 1426 4053 περιημάκτεον)

239 4157 280 4207 1.
321 4155 516 4225 ἐβίωσε
541 4154 598 4207 δὲ
623 4155 786 4207 πάντα
809 4173 914 4208 om.
950 4156 999 4210 C
1033 4157 1055 4221 11
1094 4156 1159 4209 τὰ
1183 4157 1347 4209 πάντα
1372 4157 1437 4211 G.
1471 4158 1755 4210 Hermann
1797 4159 1820 4221 ΙΙ
1862 4157 1927 4225 δὴ
1953 4176 2010 4209 z:
2038 4158 2095 4210 δὲ
2144 4159 2167 4221 ΙΙ
2215 4160 2262 4209 2.
2306 4176 2419 4228 φω-

141 4223 268 4282 καέες
298 4228 345 4278 G
407 4228 432 4290 u
503 4226 575 4289 τι]
602 4242 682 4277 τοι
713 4226 761 4278 C
809 4226 832 4289 ΙΙ
891 4234 1068 4293 πρῶτα
1094 4225 1250 4296 σφέας
1273 4227 1459 4281 ABR:
1528 4229 1552 4293 u
1624 4229 1672 4277 3.
1715 4225 1898 4279 ἑαυτοῦ
1931 4228 1980 4279 C
2040 4229 2063 4291 ΙΙ
2136 4230 2187 4278 4.
2225 4245 2280 4298 γε
2307 4243 2413 4278 σω.

145 4291 210 4344 st
274 4295 296 4357 ΙΙ
372 4296 456 4345 13.
503 4293 680 4364 ἐρῖψαι
702 4294 795 4357 Bt,
825 4294 1012 4366 ἐρῆψαι
1039 4296 1167 4360 Bm,
1199 4294 1368 4366 ἐρίψαι
1393 4297 1486 4362 A',
1516 4295 1713 4367 ἐρειψαι
1737 4297 1832 4359 A2,
1861 4296 2011 4367 ωριψε
2043 4298 2090 4350 C
2152 4298 2174 4361 ΙΙ
2244 4313 2418 4348 κατει-

143 4372 289 4429 ρῶσαι
311 4364 569 4426 AB¹1².:,
607 4371 890 4433 κατερῶσαι
923 4367 988 4426 C,
1030 4366 1319 4435 κατειρύσαι
1346 4367 1425 4419 B²
1505 4368 1527 4430 ΙΙ
1614 4367 1690 4417 15.
1736 4364 1858 4435 μίην
1885 4384 1911 4417 z
1992 4367 2014 4430 u
2104 4367 2180 4417 17.
2235 4367 2262 4419 ὁ
2301 4358 2355 4417 δ’
2393 4395 2419 4405 -

151 4434 202 4479 19
233 4432 306 4483 τεὶ
343 4450 427 4490 εος
453 4448 569 4484 om.
607 4433 655 4484 0
728 4435 751 4499 ΙΙ
831 4433 1052 4504 ‹pm-mie<
1083 4436 1131 4488 C
1192 4438 1214 4500 ΙΙ
1286 4437 1366 4486 20.
1408 4434 1884 4494 κατατασπάσαντες
1915 4436 1963 4489 G
2022 4438 2045 4502 ΙΙ
2116 4436 2196 4487 22.
2238 4436 2416 4506 χωρὶςΙ

145 4501 290 4570 χωρὶς
377 4500 729 4556 Valckenaet
