<?xml version="1.0" encoding="UTF-8"?>
<!DOCTYPE html PUBLIC "-//W3C//DTD XHTML 1.0 Transitional//EN"
    "http://www.w3.org/TR/xhtml1/DTD/xhtml1-transitional.dtd">
<html xmlns="http://www.w3.org/1999/xhtml" xml:lang="en" lang="en">
 <head>
  <title>
</title>
<meta http-equiv="Content-Type" content="text/html;charset=utf-8" />
  <meta name='ocr-system' content='tesseract 3.04.00' />
  <meta name='ocr-capabilities' content='ocr_page ocr_carea ocr_par ocr_line ocrx_word'/>
</head>
<body>
  <div class='ocr_page' id='page_1' title='image "./herodotihistori00unkngoog/herodotihistori00unkngoog_0282.png"; bbox 0 0 3059 5125; ppageno 0'>
   <div class='ocr_carea' id='block_1_1' title="bbox 654 333 1990 400">
    <p class='ocr_par' dir='ltr' id='par_1_1' title="bbox 654 333 1990 400">
     <span class='ocr_line' id='line_1_1' title="bbox 654 333 1990 400; baseline -0.008 -4"><span class='ocrx_word' id='word_1_1' title='bbox 654 333 777 398; x_wconf 83' lang='lat'><strong>196</strong></span> <span class='ocrx_word' id='word_1_2' title='bbox 1333 382 1339 389; x_wconf 88' lang='lat'><strong><em>.</em></strong></span> <span class='ocrx_word' id='word_1_3' title='bbox 1591 336 1990 400; x_wconf 87' lang='lat' dir='ltr'><strong>—B—</strong></span> 
     </span>
    </p>
   </div>
   <div class='ocr_carea' id='block_1_2' title="bbox 532 510 2995 3491">
    <p class='ocr_par' dir='ltr' id='par_1_2' title="bbox 532 510 2995 3491">
     <span class='ocr_line' id='line_1_2' title="bbox 651 510 2852 610; baseline -0 -27"><span class='ocrx_word' id='word_1_4' title='bbox 651 510 792 586; x_wconf 82' lang='grc' dir='ltr'><strong>ἐστὶ</strong></span> <span class='ocrx_word' id='word_1_5' title='bbox 831 510 1404 610; x_wconf 79' lang='grc' dir='ltr'><strong>μεμηχανημένα.</strong></span> <span class='ocrx_word' id='word_1_6' title='bbox 1495 514 1654 593; x_wconf 85' lang='grc' dir='ltr'><strong>τοὺς</strong></span> <span class='ocrx_word' id='word_1_7' title='bbox 1692 510 1933 607; x_wconf 36' lang='grc' dir='ltr'><strong>μὲν-τὰ</strong></span> <span class='ocrx_word' id='word_1_8' title='bbox 1969 512 2108 586; x_wconf 83' lang='grc' dir='ltr'><strong>ἄνω</strong></span> <span class='ocrx_word' id='word_1_9' title='bbox 2145 520 2279 589; x_wconf 80' lang='grc' dir='ltr'><strong>τῶν</strong></span> <span class='ocrx_word' id='word_1_10' title='bbox 2320 512 2535 586; x_wconf 82' lang='grc' dir='ltr'><strong>ἑλέων</strong></span> <span class='ocrx_word' id='word_1_11' title='bbox 2586 511 2852 588; x_wconf 72' lang='grc' dir='ltr'><strong>οἰκέοντας</strong></span> 
     </span>
     <span class='ocr_line' id='line_1_3' title="bbox 651 628 2853 736; baseline 0 -33"><span class='ocrx_word' id='word_1_12' title='bbox 651 633 715 704; x_wconf 72' lang='grc' dir='ltr'><strong>οἱ</strong></span> <span class='ocrx_word' id='word_1_13' title='bbox 747 632 989 730; x_wconf 91' lang='grc' dir='ltr'><strong>πύργοι</strong></span> <span class='ocrx_word' id='word_1_14' title='bbox 1022 631 1414 728; x_wconf 76' lang='grc' dir='ltr'>ὠφελέουσι,</span> <span class='ocrx_word' id='word_1_15' title='bbox 1453 632 1524 713; x_wconf 81' lang='grc' dir='ltr'><strong>ἐς</strong></span> <span class='ocrx_word' id='word_1_16' title='bbox 1559 633 1715 713; x_wconf 88' lang='grc' dir='ltr'><strong>τοὺς</strong></span> <span class='ocrx_word' id='word_1_17' title='bbox 1750 632 2226 736; x_wconf 79' lang='grc' dir='ltr'><strong>ἀναβαίνοντες</strong></span> <span class='ocrx_word' id='word_1_18' title='bbox 2262 642 2652 728; x_wconf 83' lang='grc' dir='ltr'><strong>κοιμῶνται·</strong></span> <span class='ocrx_word' id='word_1_19' title='bbox 2688 634 2741 703; x_wconf 78' lang='grc' dir='ltr'><strong>οἱ</strong></span> <span class='ocrx_word' id='word_1_20' title='bbox 2767 628 2853 730; x_wconf 71' lang='grc' dir='ltr'><strong>γὰρ</strong></span> 
     </span>
     <span class='ocr_line' id='line_1_4' title="bbox 648 749 2853 853; baseline 0 -29"><span class='ocrx_word' id='word_1_21' title='bbox 648 757 971 832; x_wconf 81' lang='grc' dir='ltr'><strong>κώνωπες</strong></span> <span class='ocrx_word' id='word_1_22' title='bbox 1023 749 1152 823; x_wconf 77' lang='grc' dir='ltr'><strong>ὑπὸ</strong></span> <span class='ocrx_word' id='word_1_23' title='bbox 1197 760 1334 824; x_wconf 85' lang='grc' dir='ltr'><strong>τῶν</strong></span> <span class='ocrx_word' id='word_1_24' title='bbox 1387 749 1658 848; x_wconf 89' lang='grc' dir='ltr'><strong>ἀνέμων</strong></span> <span class='ocrx_word' id='word_1_25' title='bbox 1716 754 1839 826; x_wconf 83' lang='grc' dir='ltr'><strong>οὐκ</strong></span> <span class='ocrx_word' id='word_1_26' title='bbox 1887 752 2020 826; x_wconf 86' lang='grc' dir='ltr'><strong>οἷοί</strong></span> <span class='ocrx_word' id='word_1_27' title='bbox 2069 780 2140 827; x_wconf 89' lang='grc' dir='ltr'><strong>τε</strong></span> <span class='ocrx_word' id='word_1_28' title='bbox 2181 756 2310 828; x_wconf 80' lang='grc' dir='ltr'><strong>εἰσὶ</strong></span> <span class='ocrx_word' id='word_1_29' title='bbox 2361 752 2535 853; x_wconf 74' lang='grc' dir='ltr'><strong>ὑψοῦ</strong></span> <span class='ocrx_word' id='word_1_30' title='bbox 2579 751 2853 829; x_wconf 67' lang='grc' dir='ltr'><strong>πέτεσθαι</strong></span> 
     </span>
     <span class='ocr_line' id='line_1_5' title="bbox 647 868 2858 974; baseline 0 -31"><span class='ocrx_word' id='word_1_31' title='bbox 647 876 817 945; x_wconf 83' lang='grc' dir='ltr'><strong>τοῖσι</strong></span> <span class='ocrx_word' id='word_1_32' title='bbox 855 869 930 942; x_wconf 83' lang='grc' dir='ltr'><strong>δὲ</strong></span> <span class='ocrx_word' id='word_1_33' title='bbox 965 873 1118 970; x_wconf 87' lang='grc' dir='ltr'><strong>περὶ</strong></span> <span class='ocrx_word' id='word_1_34' title='bbox 1151 868 1234 942; x_wconf 86' lang='grc' dir='ltr'><strong>τὰ</strong></span> <span class='ocrx_word' id='word_1_35' title='bbox 1270 871 1430 945; x_wconf 78' lang='grc' dir='ltr'><strong>ἕλεα</strong></span> <span class='ocrx_word' id='word_1_36' title='bbox 1482 874 1773 946; x_wconf 85' lang='grc' dir='ltr'><strong>οἰκέουσι</strong></span> <span class='ocrx_word' id='word_1_37' title='bbox 1827 873 1989 947; x_wconf 89' lang='grc' dir='ltr'><strong>τάδε</strong></span> <span class='ocrx_word' id='word_1_38' title='bbox 2045 872 2193 948; x_wconf 84' lang='grc' dir='ltr'><strong>ἀντὶ</strong></span> <span class='ocrx_word' id='word_1_39' title='bbox 2243 881 2378 948; x_wconf 79' lang='grc' dir='ltr'><strong>τῶν</strong></span> <span class='ocrx_word' id='word_1_40' title='bbox 2420 875 2687 974; x_wconf 86' lang='grc' dir='ltr'><strong>πύργων</strong></span> <span class='ocrx_word' id='word_1_41' title='bbox 2731 870 2858 943; x_wconf 82' lang='grc' dir='ltr'><strong>ἄλλα</strong></span> 
     </span>
     <span class='ocr_line' id='line_1_6' title="bbox 649 989 2912 1097; baseline -0.001 -32"><span class='ocrx_word' id='word_1_42' title='bbox 649 991 1158 1089; x_wconf 86' lang='grc' dir='ltr'><strong>μεμηχάνηται.</strong></span> <span class='ocrx_word' id='word_1_43' title='bbox 1250 996 1387 1074; x_wconf 82' lang='grc' dir='ltr'><strong>πᾶς</strong></span> <span class='ocrx_word' id='word_1_44' title='bbox 1434 989 1606 1093; x_wconf 80' lang='grc' dir='ltr'><strong>άνὴρ</strong></span> <span class='ocrx_word' id='word_1_45' title='bbox 1657 993 1881 1067; x_wconf 82' lang='grc' dir='ltr'><strong>αὐτῶν</strong></span> <span class='ocrx_word' id='word_1_46' title='bbox 1930 992 2446 1097; x_wconf 82' lang='grc' dir='ltr'><strong>ἀμφίβληστρον</strong></span> <span class='ocrx_word' id='word_1_47' title='bbox 2500 993 2768 1092; x_wconf 82' lang='grc' dir='ltr'><strong>ἔκτηται,</strong></span> <span class='ocrx_word' id='word_1_48' title='bbox 2796 992 2912 1085; x_wconf 55' lang='lat' dir='ltr'><strong>reb-5</strong></span> 
     </span>
     <span class='ocr_line' id='line_1_7' title="bbox 646 1109 2858 1214; baseline 0.001 -32"><span class='ocrx_word' id='word_1_49' title='bbox 646 1120 769 1211; x_wconf 81' lang='grc' dir='ltr'><strong>τῆς</strong></span> <span class='ocrx_word' id='word_1_50' title='bbox 806 1109 927 1205; x_wconf 83' lang='grc' dir='ltr'><strong>μὲν</strong></span> <span class='ocrx_word' id='word_1_51' title='bbox 967 1111 1236 1210; x_wconf 78' lang='grc' dir='ltr'><strong>ἡμέρης</strong></span> <span class='ocrx_word' id='word_1_52' title='bbox 1272 1111 1466 1209; x_wconf 77' lang='grc' dir='ltr'><strong>ἰχθῦς</strong></span> <span class='ocrx_word' id='word_1_53' title='bbox 1502 1111 1788 1214; x_wconf 79' lang='grc' dir='ltr'><strong>ἀγρεύει,</strong></span> <span class='ocrx_word' id='word_1_54' title='bbox 1829 1117 1955 1214; x_wconf 78' lang='grc' dir='ltr'><strong>τὴν</strong></span> <span class='ocrx_word' id='word_1_55' title='bbox 1995 1112 2070 1186; x_wconf 86' lang='grc' dir='ltr'><strong>δὲ</strong></span> <span class='ocrx_word' id='word_1_56' title='bbox 2102 1116 2305 1186; x_wconf 83' lang='grc' dir='ltr'><strong>νύκτα</strong></span> <span class='ocrx_word' id='word_1_57' title='bbox 2340 1114 2498 1186; x_wconf 88' lang='grc' dir='ltr'><strong>τάδε</strong></span> <span class='ocrx_word' id='word_1_58' title='bbox 2538 1114 2711 1209; x_wconf 80' lang='grc' dir='ltr'><strong>αὐτῷ</strong></span> <span class='ocrx_word' id='word_1_59' title='bbox 2731 1112 2858 1209; x_wconf 78' lang='grc' dir='ltr'><strong>χρᾶ-</strong></span> 
     </span>
     <span class='ocr_line' id='line_1_8' title="bbox 644 1228 2860 1334; baseline 0 -30"><span class='ocrx_word' id='word_1_60' title='bbox 644 1254 793 1305; x_wconf 88' lang='grc' dir='ltr'><strong>ται·</strong></span> <span class='ocrx_word' id='word_1_61' title='bbox 868 1231 939 1304; x_wconf 80' lang='grc' dir='ltr'><strong>ἐν</strong></span> <span class='ocrx_word' id='word_1_62' title='bbox 993 1234 1081 1331; x_wconf 83' lang='grc' dir='ltr'><strong>τῇ</strong></span> <span class='ocrx_word' id='word_1_63' title='bbox 1135 1228 1545 1307; x_wconf 80' lang='grc' dir='ltr'><strong>ἀναπαύεται</strong></span> <span class='ocrx_word' id='word_1_64' title='bbox 1582 1239 1796 1333; x_wconf 81' lang='grc' dir='ltr'><strong>κοίτῃ,</strong></span> <span class='ocrx_word' id='word_1_65' title='bbox 1856 1236 2010 1334; x_wconf 79' lang='grc' dir='ltr'><strong>περὶ</strong></span> <span class='ocrx_word' id='word_1_66' title='bbox 2044 1236 2296 1333; x_wconf 89' lang='grc' dir='ltr'><strong>ταύτην</strong></span> <span class='ocrx_word' id='word_1_67' title='bbox 2340 1231 2569 1333; x_wconf 78' lang='grc' dir='ltr'><strong>ἵστησι</strong></span> <span class='ocrx_word' id='word_1_68' title='bbox 2598 1236 2670 1306; x_wconf 79' lang='grc' dir='ltr'><strong>τὸ</strong></span> <span class='ocrx_word' id='word_1_69' title='bbox 2699 1228 2860 1326; x_wconf 81' lang='grc' dir='ltr'><strong>ἀμφί·</strong></span> 
     </span>
     <span class='ocr_line' id='line_1_9' title="bbox 644 1347 2859 1456; baseline -0.004 -30"><span class='ocrx_word' id='word_1_70' title='bbox 644 1355 982 1456; x_wconf 85' lang='grc' dir='ltr'><strong>βληστρον</strong></span> <span class='ocrx_word' id='word_1_71' title='bbox 1037 1353 1147 1423; x_wconf 88' lang='grc' dir='ltr'><strong>καὶ</strong></span> <span class='ocrx_word' id='word_1_72' title='bbox 1193 1349 1423 1427; x_wconf 84' lang='grc' dir='ltr'><strong>ἔπειτα</strong></span> <span class='ocrx_word' id='word_1_73' title='bbox 1461 1355 1657 1436; x_wconf 81' lang='grc' dir='ltr'><strong>ἐνδὺς</strong></span> <span class='ocrx_word' id='word_1_74' title='bbox 1693 1347 1810 1426; x_wconf 80' lang='grc' dir='ltr'><strong>ὑπ’</strong></span> <span class='ocrx_word' id='word_1_75' title='bbox 1857 1354 2021 1427; x_wconf 76' lang='grc' dir='ltr'><strong>αὐτὸ</strong></span> <span class='ocrx_word' id='word_1_76' title='bbox 2059 1352 2380 1427; x_wconf 81' lang='grc' dir='ltr'><strong>κατεύδει.</strong></span> <span class='ocrx_word' id='word_1_77' title='bbox 2475 1357 2540 1425; x_wconf 79' lang='grc' dir='ltr'><strong>οἱ</strong></span> <span class='ocrx_word' id='word_1_78' title='bbox 2576 1353 2648 1427; x_wconf 85' lang='grc' dir='ltr'><strong>δὲ</strong></span> <span class='ocrx_word' id='word_1_79' title='bbox 2680 1356 2859 1425; x_wconf 74' lang='grc' dir='ltr'><strong>κώνω-</strong></span> 
     </span>
     <span class='ocr_line' id='line_1_10' title="bbox 640 1471 2861 1574; baseline -0.002 -27"><span class='ocrx_word' id='word_1_80' title='bbox 640 1500 783 1556; x_wconf 89' lang='grc' dir='ltr'><strong>πες,</strong></span> <span class='ocrx_word' id='word_1_81' title='bbox 824 1474 909 1574; x_wconf 80' lang='grc' dir='ltr'><strong>ἢν</strong></span> <span class='ocrx_word' id='word_1_82' title='bbox 949 1475 1069 1570; x_wconf 84' lang='grc' dir='ltr'><strong>μὲν</strong></span> <span class='ocrx_word' id='word_1_83' title='bbox 1106 1475 1177 1547; x_wconf 79' lang='grc' dir='ltr'><strong>ἐν</strong></span> <span class='ocrx_word' id='word_1_84' title='bbox 1220 1478 1463 1572; x_wconf 70' lang='grc' dir='ltr'><strong>ἱματίῳ</strong></span> <span class='ocrx_word' id='word_1_85' title='bbox 1499 1473 1988 1569; x_wconf 76' lang='grc' dir='ltr'><strong>ἐνειλιξάμενος</strong></span> <span class='ocrx_word' id='word_1_86' title='bbox 2023 1473 2186 1572; x_wconf 80' lang='grc' dir='ltr'><strong>εὕδῃ</strong></span> <span class='ocrx_word' id='word_1_87' title='bbox 2224 1474 2273 1574; x_wconf 75' lang='grc' dir='ltr'><strong>ἢ</strong></span> <span class='ocrx_word' id='word_1_88' title='bbox 2310 1474 2582 1557; x_wconf 83' lang='grc' dir='ltr'><strong>σινδόνι,</strong></span> <span class='ocrx_word' id='word_1_89' title='bbox 2619 1472 2719 1546; x_wconf 85' lang='grc' dir='ltr'><strong>διὰ</strong></span> <span class='ocrx_word' id='word_1_90' title='bbox 2746 1471 2861 1541; x_wconf 84' lang='grc' dir='ltr'><strong>τού-</strong></span> 
     </span>
     <span class='ocr_line' id='line_1_11' title="bbox 641 1591 2917 1694; baseline -0.004 -27"><span class='ocrx_word' id='word_1_91' title='bbox 641 1620 774 1667; x_wconf 85' lang='grc' dir='ltr'><strong>των</strong></span> <span class='ocrx_word' id='word_1_92' title='bbox 812 1595 1143 1678; x_wconf 88' lang='grc' dir='ltr'><strong>δάκνουσι,</strong></span> <span class='ocrx_word' id='word_1_93' title='bbox 1188 1594 1298 1668; x_wconf 82' lang='grc' dir='ltr'><strong>διὰ</strong></span> <span class='ocrx_word' id='word_1_94' title='bbox 1333 1593 1408 1666; x_wconf 83' lang='grc' dir='ltr'><strong>δὲ</strong></span> <span class='ocrx_word' id='word_1_95' title='bbox 1443 1593 1864 1667; x_wconf 80' lang='grc' dir='ltr'><strong>τοῦ-δικτύου</strong></span> <span class='ocrx_word' id='word_1_96' title='bbox 1901 1592 2061 1666; x_wconf 79' lang='grc' dir='ltr'><strong>οὐδὲ</strong></span> <span class='ocrx_word' id='word_1_97' title='bbox 2095 1601 2459 1694; x_wconf 86' lang='grc' dir='ltr'><strong>πειρῶνται</strong></span> <span class='ocrx_word' id='word_1_98' title='bbox 2493 1591 2727 1693; x_wconf 73' lang='grc' dir='ltr'><strong>ἀρχὴν.</strong></span> <span class='ocrx_word' id='word_1_99' title='bbox 2882 1609 2917 1658; x_wconf 80' lang='grc' dir='ltr'><strong>ιι</strong></span> 
     </span>
     <span class='ocr_line' id='line_1_12' title="bbox 532 1712 2866 1815; baseline -0.004 -22"><span class='ocrx_word' id='word_1_100' title='bbox 532 1728 616 1793; x_wconf 85' lang='grc'><strong>96</strong></span> <span class='ocrx_word' id='word_1_101' title='bbox 793 1712 894 1788; x_wconf 84' lang='grc' dir='ltr'><strong>Τὰ</strong></span> <span class='ocrx_word' id='word_1_102' title='bbox 942 1712 1017 1786; x_wconf 85' lang='grc' dir='ltr'><strong>δὲ</strong></span> <span class='ocrx_word' id='word_1_103' title='bbox 1070 1714 1155 1815; x_wconf 82' lang='grc' dir='ltr'><strong>δὴ</strong></span> <span class='ocrx_word' id='word_1_104' title='bbox 1210 1715 1418 1788; x_wconf 85' lang='grc' dir='ltr'><strong>πλοῖά</strong></span> <span class='ocrx_word' id='word_1_105' title='bbox 1473 1741 1626 1812; x_wconf 89' lang='grc' dir='ltr'><strong>σφι,</strong></span> <span class='ocrx_word' id='word_1_106' title='bbox 1693 1716 1867 1787; x_wconf 83' lang='grc' dir='ltr'><strong>τοῖσι</strong></span> <span class='ocrx_word' id='word_1_107' title='bbox 1917 1715 2401 1814; x_wconf 75' lang='grc' dir='ltr'><strong>φορτηγέουσι,</strong></span> <span class='ocrx_word' id='word_1_108' title='bbox 2477 1714 2620 1786; x_wconf 82' lang='grc' dir='ltr'><strong>ἐστὶ</strong></span> <span class='ocrx_word' id='word_1_109' title='bbox 2672 1713 2738 1784; x_wconf 79' lang='grc' dir='ltr'><strong>ἑκ</strong></span> <span class='ocrx_word' id='word_1_110' title='bbox 2775 1716 2866 1809; x_wconf 79' lang='grc' dir='ltr'><strong>τῆς</strong></span> 
     </span>
     <span class='ocr_line' id='line_1_13' title="bbox 638 1832 2864 1936; baseline -0.001 -29"><span class='ocrx_word' id='word_1_111' title='bbox 638 1833 947 1934; x_wconf 81' lang='grc' dir='ltr'><strong>ἀκάνθης</strong></span> <span class='ocrx_word' id='word_1_112' title='bbox 998 1837 1390 1931; x_wconf 88' lang='grc' dir='ltr'><strong>ποιεύμενα,</strong></span> <span class='ocrx_word' id='word_1_113' title='bbox 1449 1846 1577 1936; x_wconf 84' lang='grc' dir='ltr'><strong>τῆς</strong></span> <span class='ocrx_word' id='word_1_114' title='bbox 1630 1836 1677 1934; x_wconf 82' lang='grc' dir='ltr'>ἡ</span> <span class='ocrx_word' id='word_1_115' title='bbox 1740 1835 1968 1933; x_wconf 82' lang='grc' dir='ltr'><strong>μορφὴ</strong></span> <span class='ocrx_word' id='word_1_116' title='bbox 2030 1834 2150 1928; x_wconf 89' lang='grc' dir='ltr'><strong>μέν</strong></span> <span class='ocrx_word' id='word_1_117' title='bbox 2203 1834 2346 1907; x_wconf 80' lang='grc' dir='ltr'><strong>ἐστι</strong></span> <span class='ocrx_word' id='word_1_118' title='bbox 2395 1832 2746 1931; x_wconf 79' lang='grc' dir='ltr'><strong>ὁμοιοτάτη</strong></span> <span class='ocrx_word' id='word_1_119' title='bbox 2790 1832 2864 1923; x_wconf 75' lang='grc' dir='ltr'><strong>τῷ</strong></span> 
     </span>
     <span class='ocr_line' id='line_1_14' title="bbox 640 1950 2864 2054; baseline -0.003 -28"><span class='ocrx_word' id='word_1_120' title='bbox 640 1952 1012 2054; x_wconf 81' lang='grc' dir='ltr'><strong>Κυρηναίῳ</strong></span> <span class='ocrx_word' id='word_1_121' title='bbox 1050 1954 1254 2053; x_wconf 82' lang='grc' dir='ltr'><strong>λωτῷ</strong></span> <span class='ocrx_word' id='word_1_122' title='bbox 1298 1959 1375 2028; x_wconf 81' lang='grc' dir='ltr'><strong>τὸ</strong></span> <span class='ocrx_word' id='word_1_123' title='bbox 1427 1951 1501 2026; x_wconf 85' lang='grc' dir='ltr'><strong>δὲ</strong></span> <span class='ocrx_word' id='word_1_124' title='bbox 1559 1954 1843 2053; x_wconf 90' lang='grc' dir='ltr'><strong>δάκρυον</strong></span> <span class='ocrx_word' id='word_1_125' title='bbox 1893 1956 2103 2049; x_wconf 87' lang='grc' dir='ltr'><strong>κόμμι</strong></span> <span class='ocrx_word' id='word_1_126' title='bbox 2139 1953 2302 2026; x_wconf 80' lang='grc' dir='ltr'><strong>ἐστί.</strong></span> <span class='ocrx_word' id='word_1_127' title='bbox 2394 1952 2471 2026; x_wconf 83' lang='grc' dir='ltr'><strong>ἐκ</strong></span> <span class='ocrx_word' id='word_1_128' title='bbox 2515 1956 2759 2052; x_wconf 83' lang='grc' dir='ltr'><strong>ταύτης</strong></span> <span class='ocrx_word' id='word_1_129' title='bbox 2795 1950 2864 2019; x_wconf 78' lang='grc' dir='ltr'><strong>ὧν</strong></span> 
     </span>
     <span class='ocr_line' id='line_1_15' title="bbox 635 2071 2865 2175; baseline -0.003 -28"><span class='ocrx_word' id='word_1_130' title='bbox 635 2083 758 2175; x_wconf 83' lang='grc' dir='ltr'><strong>τῆς</strong></span> <span class='ocrx_word' id='word_1_131' title='bbox 814 2071 1117 2174; x_wconf 76' lang='grc' dir='ltr'><strong>ἀκάνθης</strong></span> <span class='ocrx_word' id='word_1_132' title='bbox 1170 2074 1533 2173; x_wconf 73' lang='grc' dir='ltr'><strong>κοψάμενοι</strong></span> <span class='ocrx_word' id='word_1_133' title='bbox 1586 2074 1752 2155; x_wconf 73' lang='grc' dir='ltr'><strong>ξύλα</strong></span> <span class='ocrx_word' id='word_1_134' title='bbox 1820 2076 1977 2148; x_wconf 79' lang='grc' dir='ltr'><strong>ὅσον</strong></span> <span class='ocrx_word' id='word_1_135' title='bbox 2042 2098 2117 2144; x_wconf 90' lang='grc' dir='ltr'><strong>τε</strong></span> <span class='ocrx_word' id='word_1_136' title='bbox 2171 2073 2468 2173; x_wconf 81' lang='grc' dir='ltr'><strong>διπήχεα</strong></span> <span class='ocrx_word' id='word_1_137' title='bbox 2536 2071 2865 2168; x_wconf 77' lang='grc' dir='ltr'><strong>πλινθηδὸν</strong></span> 
     </span>
     <span class='ocr_line' id='line_1_16' title="bbox 636 2191 2995 2294; baseline -0.003 -26"><span class='ocrx_word' id='word_1_138' title='bbox 636 2193 993 2268; x_wconf 81' lang='grc' dir='ltr'><strong>συντιθεῖσι</strong></span> <span class='ocrx_word' id='word_1_139' title='bbox 1070 2196 1610 2293; x_wconf 75' lang='grc' dir='ltr'><strong>ναυπηγεύμενοι</strong></span> <span class='ocrx_word' id='word_1_140' title='bbox 1676 2197 1922 2294; x_wconf 82' lang='grc' dir='ltr'><strong>τρόπον</strong></span> <span class='ocrx_word' id='word_1_141' title='bbox 1985 2191 2268 2265; x_wconf 91' lang='grc' dir='ltr'><strong>τοιόνδε.</strong></span> <span class='ocrx_word' id='word_1_142' title='bbox 2397 2195 2553 2292; x_wconf 85' lang='grc' dir='ltr'><strong>περὶ</strong></span> <span class='ocrx_word' id='word_1_143' title='bbox 2613 2193 2868 2289; x_wconf 71' lang='grc' dir='ltr'><strong>γόμφους</strong></span> <span class='ocrx_word' id='word_1_144' title='bbox 2891 2204 2925 2253; x_wconf 79' lang='lat'><strong>¹⁵</strong></span> <span class='ocrx_word' id='word_1_145' title='bbox 2994 2207 2995 2216; x_wconf 77' lang='grc'>’</span> 
     </span>
     <span class='ocr_line' id='line_1_17' title="bbox 633 2303 2869 2413; baseline 0 -29"><span class='ocrx_word' id='word_1_146' title='bbox 633 2315 915 2394; x_wconf 82' lang='grc' dir='ltr'><strong>πυκνοὺς</strong></span> <span class='ocrx_word' id='word_1_147' title='bbox 949 2315 1057 2386; x_wconf 83' lang='grc' dir='ltr'><strong>καὶ</strong></span> <span class='ocrx_word' id='word_1_148' title='bbox 1097 2315 1394 2413; x_wconf 85' lang='grc' dir='ltr'><strong>μακροὺς</strong></span> <span class='ocrx_word' id='word_1_149' title='bbox 1427 2317 1835 2413; x_wconf 88' lang='grc' dir='ltr'><strong>περιείρουσι</strong></span> <span class='ocrx_word' id='word_1_150' title='bbox 1870 2313 1952 2386; x_wconf 83' lang='grc' dir='ltr'><strong>τὰ</strong></span> <span class='ocrx_word' id='word_1_151' title='bbox 1989 2311 2285 2412; x_wconf 71' lang='grc' dir='ltr'><strong>διπήχεα</strong></span> <span class='ocrx_word' id='word_1_152' title='bbox 2320 2311 2486 2393; x_wconf 76' lang='grc' dir='ltr'><strong>ξύλα</strong></span> <span class='ocrx_word' id='word_1_153' title='bbox 2510 2336 2527 2350; x_wconf 92' lang='grc'><em>·</em></span> <span class='ocrx_word' id='word_1_154' title='bbox 2604 2307 2788 2384; x_wconf 76' lang='grc' dir='ltr'><strong>ἐπεὰν</strong></span> <span class='ocrx_word' id='word_1_155' title='bbox 2815 2303 2869 2377; x_wconf 73' lang='grc' dir='ltr'><strong>δὲ</strong></span> 
     </span>
     <span class='ocr_line' id='line_1_18' title="bbox 631 2430 2869 2534; baseline -0.002 -29"><span class='ocrx_word' id='word_1_156' title='bbox 631 2436 730 2531; x_wconf 79' lang='grc' dir='ltr'><strong>τῷ</strong></span> <span class='ocrx_word' id='word_1_157' title='bbox 789 2435 1024 2533; x_wconf 83' lang='grc' dir='ltr'><strong>τρόπῳ</strong></span> <span class='ocrx_word' id='word_1_158' title='bbox 1079 2436 1299 2532; x_wconf 85' lang='grc' dir='ltr'><strong>τούτῳ</strong></span> <span class='ocrx_word' id='word_1_159' title='bbox 1354 2439 1959 2534; x_wconf 80' lang='grc' dir='ltr'><strong>ναυπηγήσωνται,</strong></span> <span class='ocrx_word' id='word_1_160' title='bbox 2020 2431 2187 2532; x_wconf 77' lang='grc' dir='ltr'><strong>ζυγὰ</strong></span> <span class='ocrx_word' id='word_1_161' title='bbox 2241 2430 2579 2532; x_wconf 81' lang='grc' dir='ltr'><strong>ἐπιπολῆς</strong></span> <span class='ocrx_word' id='word_1_162' title='bbox 2630 2435 2869 2505; x_wconf 77' lang='grc' dir='ltr'><strong>τείνουσι</strong></span> 
     </span>
     <span class='ocr_line' id='line_1_19' title="bbox 632 2549 2868 2653; baseline 0 -28"><span class='ocrx_word' id='word_1_163' title='bbox 632 2552 875 2626; x_wconf 82' lang='grc' dir='ltr'><strong>αὐτῶν.</strong></span> <span class='ocrx_word' id='word_1_164' title='bbox 966 2559 1244 2650; x_wconf 81' lang='grc' dir='ltr'><strong>νομεῦσι</strong></span> <span class='ocrx_word' id='word_1_165' title='bbox 1280 2553 1358 2627; x_wconf 82' lang='grc' dir='ltr'><strong>δὲ</strong></span> <span class='ocrx_word' id='word_1_166' title='bbox 1394 2553 1590 2629; x_wconf 78' lang='grc' dir='ltr'><strong>οὐδὲν</strong></span> <span class='ocrx_word' id='word_1_167' title='bbox 1630 2552 2003 2653; x_wconf 86' lang='grc' dir='ltr'><strong>χρέωνται·</strong></span> <span class='ocrx_word' id='word_1_168' title='bbox 2072 2551 2335 2626; x_wconf 78' lang='grc' dir='ltr'><strong>ἔσωθεν</strong></span> <span class='ocrx_word' id='word_1_169' title='bbox 2392 2550 2468 2625; x_wconf 78' lang='grc' dir='ltr'><strong>δὲ</strong></span> <span class='ocrx_word' id='word_1_170' title='bbox 2518 2552 2647 2634; x_wconf 79' lang='grc' dir='ltr'><strong>τὰς</strong></span> <span class='ocrx_word' id='word_1_171' title='bbox 2694 2549 2868 2651; x_wconf 70' lang='grc' dir='ltr'><strong>ἅρμα·</strong></span> 
     </span>
     <span class='ocr_line' id='line_1_20' title="bbox 629 2669 2866 2775; baseline 0.001 -30"><span class='ocrx_word' id='word_1_172' title='bbox 629 2679 771 2755; x_wconf 85' lang='grc' dir='ltr'><strong>νίας</strong></span> <span class='ocrx_word' id='word_1_173' title='bbox 808 2675 878 2747; x_wconf 84' lang='grc' dir='ltr'><strong>ἐν</strong></span> <span class='ocrx_word' id='word_1_174' title='bbox 922 2674 1016 2745; x_wconf 80' lang='grc' dir='ltr'><strong>ὧν</strong></span> <span class='ocrx_word' id='word_1_175' title='bbox 1055 2674 1451 2748; x_wconf 82' lang='grc' dir='ltr'><strong>ἐπάκτωσαν</strong></span> <span class='ocrx_word' id='word_1_176' title='bbox 1490 2676 1579 2774; x_wconf 81' lang='grc' dir='ltr'><strong>τῇ</strong></span> <span class='ocrx_word' id='word_1_177' title='bbox 1619 2672 1875 2775; x_wconf 82' lang='grc' dir='ltr'><strong>βύβλῳ.</strong></span> <span class='ocrx_word' id='word_1_178' title='bbox 1954 2673 2287 2773; x_wconf 86' lang='grc' dir='ltr'><strong>πηδάλιον</strong></span> <span class='ocrx_word' id='word_1_179' title='bbox 2324 2669 2407 2745; x_wconf 74' lang='grc' dir='ltr'><strong>δὲ.</strong></span> <span class='ocrx_word' id='word_1_180' title='bbox 2433 2671 2505 2746; x_wconf 80' lang='grc' dir='ltr'><strong>ἓν</strong></span> <span class='ocrx_word' id='word_1_181' title='bbox 2540 2678 2866 2747; x_wconf 76' lang='grc' dir='ltr'><strong>ποιεῦνται,</strong></span> 
     </span>
     <span class='ocr_line' id='line_1_21' title="bbox 631 2790 2930 2895; baseline -0.003 -29"><span class='ocrx_word' id='word_1_182' title='bbox 631 2796 737 2866; x_wconf 81' lang='grc' dir='ltr'><strong>καὶ</strong></span> <span class='ocrx_word' id='word_1_183' title='bbox 786 2799 984 2866; x_wconf 82' lang='grc' dir='ltr'><strong>τοῦτο</strong></span> <span class='ocrx_word' id='word_1_184' title='bbox 1044 2791 1153 2867; x_wconf 86' lang='grc' dir='ltr'><strong>διὰ</strong></span> <span class='ocrx_word' id='word_1_185' title='bbox 1203 2802 1329 2894; x_wconf 83' lang='grc' dir='ltr'><strong>τῆς</strong></span> <span class='ocrx_word' id='word_1_186' title='bbox 1381 2796 1657 2893; x_wconf 91' lang='grc' dir='ltr'><strong>τρόπιος</strong></span> <span class='ocrx_word' id='word_1_187' title='bbox 1708 2792 2111 2895; x_wconf 89' lang='grc' dir='ltr'><strong>διαβύνεται.</strong></span> <span class='ocrx_word' id='word_1_188' title='bbox 2226 2793 2394 2890; x_wconf 80' lang='grc' dir='ltr'><strong>ἱστῷ</strong></span> <span class='ocrx_word' id='word_1_189' title='bbox 2442 2790 2518 2864; x_wconf 80' lang='grc' dir='ltr'><strong>δὲ</strong></span> <span class='ocrx_word' id='word_1_190' title='bbox 2572 2790 2871 2883; x_wconf 72' lang='grc' dir='ltr'><strong>ἀκανθίνῳ</strong></span> <span class='ocrx_word' id='word_1_191' title='bbox 2892 2803 2930 2853; x_wconf 76' lang='lat'><strong>2·</strong></span> 
     </span>
     <span class='ocr_line' id='line_1_22' title="bbox 627 2905 2871 3016; baseline -0.001 -30"><span class='ocrx_word' id='word_1_192' title='bbox 627 2915 980 3013; x_wconf 80' lang='grc' dir='ltr'><strong>χρέωνται,</strong></span> <span class='ocrx_word' id='word_1_193' title='bbox 1039 2916 1298 2987; x_wconf 70' lang='grc' dir='ltr'><strong>ἱστίοισι</strong></span> <span class='ocrx_word' id='word_1_194' title='bbox 1350 2912 1425 2986; x_wconf 81' lang='grc' dir='ltr'><strong>δὲ</strong></span> <span class='ocrx_word' id='word_1_195' title='bbox 1478 2912 1866 3016; x_wconf 87' lang='grc' dir='ltr'><strong>βυβλίνοισι.</strong></span> <span class='ocrx_word' id='word_1_196' title='bbox 1970 2918 2180 2987; x_wconf 83' lang='grc' dir='ltr'><strong>ταῦτα</strong></span> <span class='ocrx_word' id='word_1_197' title='bbox 2225 2910 2310 2984; x_wconf 83' lang='grc' dir='ltr'><strong>τὰ</strong></span> <span class='ocrx_word' id='word_1_198' title='bbox 2352 2912 2561 2985; x_wconf 82' lang='grc' dir='ltr'><strong>πλοῖα</strong></span> <span class='ocrx_word' id='word_1_199' title='bbox 2614 2910 2739 2984; x_wconf 81' lang='grc' dir='ltr'><strong>ἀνὰ</strong></span> <span class='ocrx_word' id='word_1_200' title='bbox 2780 2905 2871 3004; x_wconf 75' lang='grc' dir='ltr'><strong>μὲν</strong></span> 
     </span>
     <span class='ocr_line' id='line_1_23' title="bbox 627 3028 2871 3133; baseline 0.001 -30"><span class='ocrx_word' id='word_1_201' title='bbox 627 3036 740 3104; x_wconf 74' lang='grc' dir='ltr'><strong>τὸν</strong></span> <span class='ocrx_word' id='word_1_202' title='bbox 774 3036 1078 3128; x_wconf 85' lang='grc' dir='ltr'><strong>ποταμὸν</strong></span> <span class='ocrx_word' id='word_1_203' title='bbox 1120 3034 1199 3105; x_wconf 85' lang='grc' dir='ltr'><strong>οὐ</strong></span> <span class='ocrx_word' id='word_1_204' title='bbox 1237 3034 1512 3108; x_wconf 91' lang='grc' dir='ltr'><strong>δύναται</strong></span> <span class='ocrx_word' id='word_1_205' title='bbox 1546 3033 1801 3116; x_wconf 82' lang='grc' dir='ltr'><strong>πλέειν,</strong></span> <span class='ocrx_word' id='word_1_206' title='bbox 1853 3032 1939 3132; x_wconf 80' lang='grc' dir='ltr'><strong>ἠν</strong></span> <span class='ocrx_word' id='word_1_207' title='bbox 1982 3036 2078 3133; x_wconf 79' lang='grc' dir='ltr'><strong>μὴ</strong></span> <span class='ocrx_word' id='word_1_208' title='bbox 2117 3032 2425 3131; x_wconf 78' lang='grc' dir='ltr'><strong>λαμπρὸς</strong></span> <span class='ocrx_word' id='word_1_209' title='bbox 2460 3030 2714 3127; x_wconf 83' lang='grc' dir='ltr'><strong>ἄνεμος</strong></span> <span class='ocrx_word' id='word_1_210' title='bbox 2744 3028 2871 3105; x_wconf 73' lang='grc' dir='ltr'><strong>έπέ-</strong></span> 
     </span>
     <span class='ocr_line' id='line_1_24' title="bbox 625 3147 2869 3254; baseline -0.003 -29"><span class='ocrx_word' id='word_1_211' title='bbox 625 3177 745 3249; x_wconf 83' lang='grc' dir='ltr'><strong>χῃ,</strong></span> <span class='ocrx_word' id='word_1_212' title='bbox 801 3152 875 3225; x_wconf 78' lang='grc' dir='ltr'><strong>ἐκ</strong></span> <span class='ocrx_word' id='word_1_213' title='bbox 931 3162 1056 3254; x_wconf 82' lang='grc' dir='ltr'><strong>γῆς</strong></span> <span class='ocrx_word' id='word_1_214' title='bbox 1116 3151 1192 3225; x_wconf 85' lang='grc' dir='ltr'><strong>δὲ</strong></span> <span class='ocrx_word' id='word_1_215' title='bbox 1244 3152 1667 3253; x_wconf 83' lang='grc' dir='ltr'><strong>παρέλκεται.</strong></span> <span class='ocrx_word' id='word_1_216' title='bbox 1785 3152 1952 3225; x_wconf 81' lang='grc' dir='ltr'><strong>κατὰ</strong></span> <span class='ocrx_word' id='word_1_217' title='bbox 2006 3153 2160 3252; x_wconf 79' lang='grc' dir='ltr'><strong>ῥόον</strong></span> <span class='ocrx_word' id='word_1_218' title='bbox 2215 3149 2290 3223; x_wconf 83' lang='grc' dir='ltr'><strong>δὲ</strong></span> <span class='ocrx_word' id='word_1_219' title='bbox 2342 3153 2689 3245; x_wconf 77' lang='grc' dir='ltr'><strong>κομίζεται</strong></span> <span class='ocrx_word' id='word_1_220' title='bbox 2743 3147 2869 3220; x_wconf 80' lang='grc' dir='ltr'><strong>ὧδε.</strong></span> 
     </span>
     <span class='ocr_line' id='line_1_25' title="bbox 626 3270 2871 3372; baseline -0.002 -29"><span class='ocrx_word' id='word_1_221' title='bbox 626 3272 769 3345; x_wconf 83' lang='grc' dir='ltr'><strong>ἔστι</strong></span> <span class='ocrx_word' id='word_1_222' title='bbox 806 3271 879 3344; x_wconf 81' lang='grc' dir='ltr'><strong>ἐκ</strong></span> <span class='ocrx_word' id='word_1_223' title='bbox 920 3277 1204 3372; x_wconf 86' lang='grc' dir='ltr'><strong>μυρίκης</strong></span> <span class='ocrx_word' id='word_1_224' title='bbox 1237 3272 1672 3372; x_wconf 88' lang='grc' dir='ltr'><strong>πεποιημένη</strong></span> <span class='ocrx_word' id='word_1_225' title='bbox 1723 3270 1927 3371; x_wconf 91' lang='grc' dir='ltr'><strong>θύρη,</strong></span> <span class='ocrx_word' id='word_1_226' title='bbox 1987 3270 2503 3370; x_wconf 88' lang='grc' dir='ltr'><strong>κατερραμμένη</strong></span> <span class='ocrx_word' id='word_1_227' title='bbox 2562 3274 2739 3372; x_wconf 78' lang='grc' dir='ltr'><strong>ῥίπεῖ</strong></span> <span class='ocrx_word' id='word_1_228' title='bbox 2776 3292 2871 3339; x_wconf 81' lang='grc' dir='ltr'><strong>κα·</strong></span> 
     </span>
     <span class='ocr_line' id='line_1_26' title="bbox 627 3389 2935 3491; baseline 0 -29"><span class='ocrx_word' id='word_1_229' title='bbox 627 3391 878 3486; x_wconf 80' lang='grc' dir='ltr'><strong>λάμων,</strong></span> <span class='ocrx_word' id='word_1_230' title='bbox 915 3396 1020 3463; x_wconf 84' lang='grc' dir='ltr'><strong>καὶ</strong></span> <span class='ocrx_word' id='word_1_231' title='bbox 1054 3392 1243 3473; x_wconf 82' lang='grc' dir='ltr'><strong>λίθος</strong></span> <span class='ocrx_word' id='word_1_232' title='bbox 1268 3390 1681 3491; x_wconf 84' lang='grc' dir='ltr'><strong>τετρημένος</strong></span> <span class='ocrx_word' id='word_1_233' title='bbox 1713 3390 2104 3472; x_wconf 89' lang='grc' dir='ltr'><strong>διτάλαντος</strong></span> <span class='ocrx_word' id='word_1_234' title='bbox 2137 3389 2426 3486; x_wconf 87' lang='grc' dir='ltr'><strong>μάλιστά</strong></span> <span class='ocrx_word' id='word_1_235' title='bbox 2456 3416 2544 3490; x_wconf 79' lang='grc' dir='ltr'><strong>κῃ</strong></span> <span class='ocrx_word' id='word_1_236' title='bbox 2580 3389 2869 3484; x_wconf 72' lang='grc' dir='ltr'><strong>σταθμόν.</strong></span> <span class='ocrx_word' id='word_1_237' title='bbox 2895 3401 2935 3451; x_wconf 70' lang='lat'><strong>²⁶</strong></span> 
     </span>
    </p>
   </div>
   <div class='ocr_carea' id='block_1_3' title="bbox 2890 0 3000 5086">
    <p class='ocr_par' dir='ltr' id='par_1_3' title="bbox 2890 0 3000 5086">
     <span class='ocr_line' id='line_1_27' title="bbox 2890 0 3000 5086; baseline 0 0"><span class='ocrx_word' id='word_1_238' title='bbox 2890 0 3000 5086; x_wconf 95' lang='lat' dir='ltr'><strong> </strong></span> 
     </span>
    </p>
   </div>
   <div class='ocr_carea' id='block_1_4' title="bbox 624 3564 1238 3573">
    <p class='ocr_par' dir='ltr' id='par_1_4' title="bbox 624 3564 1238 3573">
     <span class='ocr_line' id='line_1_28' title="bbox 624 3564 1238 3573; baseline 0.003 -3"><span class='ocrx_word' id='word_1_239' title='bbox 624 3564 676 3570; x_wconf 74' lang='grc'><strong>.-.</strong></span> <span class='ocrx_word' id='word_1_240' title='bbox 689 3565 784 3571; x_wconf 41' lang='grc'><strong>..4-</strong></span> <span class='ocrx_word' id='word_1_241' title='bbox 805 3566 1238 3573; x_wconf 51' lang='lat'><strong>-—----——..⁴..-—-—-</strong></span> 
     </span>
    </p>
   </div>
   <div class='ocr_carea' id='block_1_5' title="bbox 799 3642 2872 3718">
    <p class='ocr_par' dir='ltr' id='par_1_5' title="bbox 799 3642 2872 3718">
     <span class='ocr_line' id='line_1_29' title="bbox 799 3642 2872 3718; baseline 0 -21"><span class='ocrx_word' id='word_1_242' title='bbox 799 3647 881 3699; x_wconf 87' lang='grc'><strong>19.</strong></span> <span class='ocrx_word' id='word_1_243' title='bbox 929 3645 1252 3718; x_wconf 71' lang='lat' dir='ltr'><strong>(Hesychius</strong></span> <span class='ocrx_word' id='word_1_244' title='bbox 1277 3663 1324 3699; x_wconf 81' lang='lat' dir='ltr'><strong>v.</strong></span> <span class='ocrx_word' id='word_1_245' title='bbox 1355 3646 1693 3711; x_wconf 84' lang='grc' dir='ltr'><strong>ἐπάκτωσαν).</strong></span> <span class='ocrx_word' id='word_1_246' title='bbox 1748 3645 2068 3701; x_wconf 77' lang='lat' dir='ltr'><strong>Eustathius</strong></span> <span class='ocrx_word' id='word_1_247' title='bbox 2094 3645 2197 3700; x_wconf 89' lang='lat' dir='ltr'><strong>Od.</strong></span> <span class='ocrx_word' id='word_1_248' title='bbox 2226 3663 2283 3718; x_wconf 84' lang='lat' dir='ltr'><strong>p.</strong></span> <span class='ocrx_word' id='word_1_249' title='bbox 2315 3647 2468 3701; x_wconf 84' lang='lat'><strong>1532.</strong></span> <span class='ocrx_word' id='word_1_250' title='bbox 2499 3674 2562 3686; x_wconf 90' lang='lat'>-</span> <span class='ocrx_word' id='word_1_251' title='bbox 2601 3647 2687 3698; x_wconf 78' lang='lat'><strong>24.</strong></span> <span class='ocrx_word' id='word_1_252' title='bbox 2728 3642 2872 3705; x_wconf 72' lang='grc' dir='ltr'><strong>Αίξεις</strong></span> 
     </span>
    </p>
   </div>
   <div class='ocr_carea' id='block_1_6' title="bbox 729 3772 2873 3858">
    <p class='ocr_par' dir='ltr' id='par_1_6' title="bbox 729 3772 2873 3858">
     <span class='ocr_line' id='line_1_30' title="bbox 729 3772 2873 3858; baseline 0 -21"><span class='ocrx_word' id='word_1_253' title='bbox 729 3786 773 3837; x_wconf 92' lang='grc'><strong>1.</strong></span> <span class='ocrx_word' id='word_1_254' title='bbox 805 3783 991 3838; x_wconf 79' lang='grc' dir='ltr'><strong>ἑλαίων</strong></span> <span class='ocrx_word' id='word_1_255' title='bbox 1022 3786 1071 3839; x_wconf 80' lang='grc'><em>0</em></span> <span class='ocrx_word' id='word_1_256' title='bbox 1095 3788 1118 3851; x_wconf 88' lang='grc' dir='ltr'><strong>ΙΙ</strong></span> <span class='ocrx_word' id='word_1_257' title='bbox 1154 3787 1203 3838; x_wconf 88' lang='lat'><strong>2.</strong></span> <span class='ocrx_word' id='word_1_258' title='bbox 1240 3784 1522 3858; x_wconf 80' lang='grc' dir='ltr'><strong>ὠφελοῦσιν</strong></span> <span class='ocrx_word' id='word_1_259' title='bbox 1548 3785 1606 3838; x_wconf 82' lang='lat' dir='ltr'><em>R</em></span> <span class='ocrx_word' id='word_1_260' title='bbox 1640 3788 1663 3852; x_wconf 86' lang='grc' dir='ltr'><strong>ΙΙ</strong></span> <span class='ocrx_word' id='word_1_261' title='bbox 1697 3785 1751 3844; x_wconf 84' lang='grc' dir='ltr'><strong>ἐς</strong></span> <span class='ocrx_word' id='word_1_262' title='bbox 1776 3784 1865 3845; x_wconf 78' lang='grc' dir='ltr'><strong>οὓς</strong></span> <span class='ocrx_word' id='word_1_263' title='bbox 1892 3787 1941 3842; x_wconf 89' lang='lat' dir='ltr'><em>L</em></span> <span class='ocrx_word' id='word_1_264' title='bbox 1973 3788 1996 3853; x_wconf 85' lang='grc' dir='ltr'><strong>ΙΙ</strong></span> <span class='ocrx_word' id='word_1_265' title='bbox 2027 3772 2335 3856; x_wconf 64' lang='grc' dir='ltr'><strong>κοιμέονται</strong></span> <span class='ocrx_word' id='word_1_266' title='bbox 2367 3785 2427 3852; x_wconf 85' lang='lat'><strong>0,</strong></span> <span class='ocrx_word' id='word_1_267' title='bbox 2452 3784 2748 3857; x_wconf 74' lang='grc' dir='ltr'><strong>κοιμέονται</strong></span> <span class='ocrx_word' id='word_1_268' title='bbox 2772 3782 2873 3841; x_wconf 63' lang='lat' dir='ltr'>sz</span> 
     </span>
    </p>
   </div>
   <div class='ocr_carea' id='block_1_7' title="bbox 618 3850 2875 4077">
    <p class='ocr_par' dir='ltr' id='par_1_7' title="bbox 618 3850 2875 4077">
     <span class='ocr_line' id='line_1_31' title="bbox 618 3850 2875 3979; baseline 0.002 -74"><span class='ocrx_word' id='word_1_269' title='bbox 618 3869 672 3905; x_wconf 88' lang='grc' dir='ltr'><strong>τε</strong></span> <span class='ocrx_word' id='word_1_270' title='bbox 698 3853 792 3906; x_wconf 84' lang='grc' dir='ltr'><strong>εἰσὶ</strong></span> <span class='ocrx_word' id='word_1_271' title='bbox 819 3853 924 3908; x_wconf 73' lang='grc' dir='ltr'><strong>Ριι</strong></span> <span class='ocrx_word' id='word_1_272' title='bbox 949 3854 1006 3907; x_wconf 78' lang='grc' dir='ltr'><strong>τέ</strong></span> <span class='ocrx_word' id='word_1_273' title='bbox 1029 3854 1124 3907; x_wconf 72' lang='grc' dir='ltr'><strong>εἰσι</strong></span> <span class='ocrx_word' id='word_1_274' title='bbox 1164 3858 1187 3921; x_wconf 87' lang='grc' dir='ltr'><strong>ΙΙ</strong></span> <span class='ocrx_word' id='word_1_275' title='bbox 1230 3857 1280 3906; x_wconf 84' lang='grc'><strong>5.</strong></span> <span class='ocrx_word' id='word_1_276' title='bbox 1321 3854 1515 3909; x_wconf 70' lang='grc' dir='ltr'><strong>αὐτέων</strong></span> <span class='ocrx_word' id='word_1_277' title='bbox 1542 3873 1568 3907; x_wconf 79' lang='lat' dir='ltr'><em>z</em></span> <span class='ocrx_word' id='word_1_278' title='bbox 1607 3858 1630 3921; x_wconf 80' lang='grc' dir='ltr'><strong>ΙΙ</strong></span> <span class='ocrx_word' id='word_1_279' title='bbox 1669 3854 1916 3926; x_wconf 76' lang='grc' dir='ltr'><strong>κέκτηται</strong></span> <span class='ocrx_word' id='word_1_280' title='bbox 1940 3857 2163 3921; x_wconf 75' lang='lat' dir='ltr'><strong><em>ABcu</em></strong></span> <span class='ocrx_word' id='word_1_281' title='bbox 2200 3856 2261 3910; x_wconf 83' lang='grc' dir='ltr'><strong>τὸ</strong></span> <span class='ocrx_word' id='word_1_282' title='bbox 2286 3856 2383 3909; x_wconf 72' lang='lat' dir='ltr'><strong>Ra</strong></span> <span class='ocrx_word' id='word_1_283' title='bbox 2420 3858 2444 3923; x_wconf 84' lang='grc' dir='ltr'><strong>ΙΙ</strong></span> <span class='ocrx_word' id='word_1_284' title='bbox 2486 3859 2539 3938; x_wconf 53' lang='grc' dir='ltr'><strong>ᾖ.</strong></span> <span class='ocrx_word' id='word_1_285' title='bbox 2578 3850 2875 3979; x_wconf 36' lang='lat' dir='ltr'><strong>fiam</strong></span> 
     </span>
     <span class='ocr_line' id='line_1_32' title="bbox 619 3922 2733 4008; baseline 0 -32"><span class='ocrx_word' id='word_1_286' title='bbox 619 3923 696 3976; x_wconf 66' lang='lat'><strong>1²2</strong></span> <span class='ocrx_word' id='word_1_287' title='bbox 729 3925 753 3989; x_wconf 89' lang='grc' dir='ltr'><strong>ΙΙ</strong></span> <span class='ocrx_word' id='word_1_288' title='bbox 786 3922 906 3977; x_wconf 77' lang='grc' dir='ltr'><strong>τάδε</strong></span> <span class='ocrx_word' id='word_1_289' title='bbox 931 3940 1039 3977; x_wconf 91' lang='lat' dir='ltr'><strong>om.</strong></span> <span class='ocrx_word' id='word_1_290' title='bbox 1071 3924 1243 3978; x_wconf 77' lang='lat' dir='ltr'><em>PRdz</em></span> <span class='ocrx_word' id='word_1_291' title='bbox 1278 3927 1300 3990; x_wconf 91' lang='grc' dir='ltr'><strong>ΙΙ</strong></span> <span class='ocrx_word' id='word_1_292' title='bbox 1337 3926 1386 3976; x_wconf 87' lang='grc'><strong>7.</strong></span> <span class='ocrx_word' id='word_1_293' title='bbox 1415 3931 1599 3996; x_wconf 64' lang='grc' dir='ltr'><strong>χρᾶται</strong></span> <span class='ocrx_word' id='word_1_294' title='bbox 1625 3925 1678 3978; x_wconf 80' lang='grc' dir='ltr'><strong>ἐν</strong></span> <span class='ocrx_word' id='word_1_295' title='bbox 1703 3931 1760 3979; x_wconf 83' lang='lat' dir='ltr'><strong>et</strong></span> <span class='ocrx_word' id='word_1_296' title='bbox 1781 3925 1957 4008; x_wconf 74' lang='grc' dir='ltr'><strong>κοίτη·</strong></span> <span class='ocrx_word' id='word_1_297' title='bbox 1985 3924 2099 4007; x_wconf 71' lang='grc' dir='ltr'><strong>περὶ</strong></span> <span class='ocrx_word' id='word_1_298' title='bbox 2125 3926 2199 3980; x_wconf 66' lang='lat' dir='ltr'><strong>Pa</strong></span> <span class='ocrx_word' id='word_1_299' title='bbox 2289 3926 2338 3979; x_wconf 86' lang='lat'><strong>8.</strong></span> <span class='ocrx_word' id='word_1_300' title='bbox 2378 3925 2525 3996; x_wconf 79' lang='grc' dir='ltr'><strong>αύτῳ</strong></span> <span class='ocrx_word' id='word_1_301' title='bbox 2546 3944 2575 3979; x_wconf 75' lang='lat' dir='ltr'><em>z</em></span> <span class='ocrx_word' id='word_1_302' title='bbox 2608 3928 2630 3991; x_wconf 85' lang='grc' dir='ltr'><strong>ΙΙ</strong></span> <span class='ocrx_word' id='word_1_303' title='bbox 2665 3943 2733 3977; x_wconf 74' lang='grc' dir='ltr'><strong>κα</strong></span> 
     </span>
     <span class='ocr_line' id='line_1_33' title="bbox 619 3987 2873 4077; baseline 0 -31"><span class='ocrx_word' id='word_1_304' title='bbox 619 3994 670 4046; x_wconf 87' lang='lat' dir='ltr'><em>L</em></span> <span class='ocrx_word' id='word_1_305' title='bbox 739 3996 761 4059; x_wconf 89' lang='grc' dir='ltr'><strong>ΙΙ</strong></span> <span class='ocrx_word' id='word_1_306' title='bbox 831 3994 883 4045; x_wconf 87' lang='grc'><strong>9.</strong></span> <span class='ocrx_word' id='word_1_307' title='bbox 923 3991 1273 4063; x_wconf 78' lang='grc' dir='ltr'><strong>ἐνελιξάμενος</strong></span> <span class='ocrx_word' id='word_1_308' title='bbox 1299 3987 1474 4058; x_wconf 71' lang='lat' dir='ltr'><em>ABG,</em></span> <span class='ocrx_word' id='word_1_309' title='bbox 1507 3993 1800 4063; x_wconf 80' lang='grc' dir='ltr'><strong>ἑλιξάμενος</strong></span> <span class='ocrx_word' id='word_1_310' title='bbox 1825 3994 2021 4066; x_wconf 75' lang='lat' dir='ltr'>rehqul</span> <span class='ocrx_word' id='word_1_311' title='bbox 2084 3998 2107 4060; x_wconf 86' lang='grc' dir='ltr'><strong>ΙΙ</strong></span> <span class='ocrx_word' id='word_1_312' title='bbox 2170 3992 2227 4049; x_wconf 75' lang='grc' dir='ltr'><strong>εὖ</strong></span> <span class='ocrx_word' id='word_1_313' title='bbox 2288 4013 2304 4047; x_wconf 89' lang='grc' dir='ltr'><strong>ι</strong></span> <span class='ocrx_word' id='word_1_314' title='bbox 2334 3995 2383 4049; x_wconf 82' lang='lat'><em>0</em></span> <span class='ocrx_word' id='word_1_315' title='bbox 2444 3998 2469 4060; x_wconf 86' lang='grc' dir='ltr'>Ι</span> <span class='ocrx_word' id='word_1_316' title='bbox 2546 3997 2623 4048; x_wconf 82' lang='grc'><strong>10.</strong></span> <span class='ocrx_word' id='word_1_317' title='bbox 2666 3991 2873 4077; x_wconf 48' lang='lat' dir='ltr'><strong>&amp;usquo</strong></span> 
     </span>
    </p>
   </div>
   <div class='ocr_carea' id='block_1_8' title="bbox 614 4074 2875 4492">
    <p class='ocr_par' dir='ltr' id='par_1_8' title="bbox 614 4074 2875 4492">
     <span class='ocr_line' id='line_1_34' title="bbox 2672 4074 2850 4114; baseline -0.011 0"><span class='ocrx_word' id='word_1_318' title='bbox 2672 4096 2681 4107; x_wconf 92' lang='lat'>-</span> <span class='ocrx_word' id='word_1_319' title='bbox 2741 4074 2850 4114; x_wconf 74' lang='grc' dir='ltr'><strong>τουτ</strong></span> 
     </span>
     <span class='ocr_line' id='line_1_35' title="bbox 619 4125 2875 4202; baseline -0.001 -17"><span class='ocrx_word' id='word_1_320' title='bbox 619 4132 675 4185; x_wconf 87' lang='grc' dir='ltr'><em>Β</em></span> <span class='ocrx_word' id='word_1_321' title='bbox 734 4133 756 4197; x_wconf 75' lang='grc' dir='ltr'><strong>ΙΙ</strong></span> <span class='ocrx_word' id='word_1_322' title='bbox 818 4131 900 4183; x_wconf 78' lang='grc'><strong>12.</strong></span> <span class='ocrx_word' id='word_1_323' title='bbox 942 4131 1164 4201; x_wconf 81' lang='grc' dir='ltr'><strong>μὲνέστι</strong></span> <span class='ocrx_word' id='word_1_324' title='bbox 1191 4131 1246 4185; x_wconf 91' lang='grc' dir='ltr'><em>Ρ</em></span> <span class='ocrx_word' id='word_1_325' title='bbox 1296 4133 1320 4198; x_wconf 79' lang='grc' dir='ltr'><strong>ΙΙ</strong></span> <span class='ocrx_word' id='word_1_326' title='bbox 1383 4132 1462 4183; x_wconf 91' lang='grc'><strong>13.</strong></span> <span class='ocrx_word' id='word_1_327' title='bbox 1504 4131 1681 4202; x_wconf 83' lang='grc' dir='ltr'><strong>λόγωι,</strong></span> <span class='ocrx_word' id='word_1_328' title='bbox 1708 4140 1801 4185; x_wconf 80' lang='grc' dir='ltr'><strong>τῶι</strong></span> <span class='ocrx_word' id='word_1_329' title='bbox 1829 4131 1885 4185; x_wconf 83' lang='grc' dir='ltr'><strong>δὲ</strong></span> <span class='ocrx_word' id='word_1_330' title='bbox 1916 4134 1961 4187; x_wconf 82' lang='lat' dir='ltr'><em>O</em></span> <span class='ocrx_word' id='word_1_331' title='bbox 2013 4136 2036 4199; x_wconf 91' lang='grc' dir='ltr'><strong>ΙΙ</strong></span> <span class='ocrx_word' id='word_1_332' title='bbox 2098 4135 2179 4185; x_wconf 83' lang='grc'><strong>15.</strong></span> <span class='ocrx_word' id='word_1_333' title='bbox 2216 4138 2359 4187; x_wconf 84' lang='grc' dir='ltr'><strong>τοιοῦ</strong></span> <span class='ocrx_word' id='word_1_334' title='bbox 2379 4132 2579 4188; x_wconf 80' lang='grc' dir='ltr'><strong>τοιόνδε</strong></span> <span class='ocrx_word' id='word_1_335' title='bbox 2603 4125 2875 4198; x_wconf 47' lang='lat' dir='ltr'><strong>&amp;mut</strong></span> 
     </span>
     <span class='ocr_line' id='line_1_36' title="bbox 618 4200 2873 4274; baseline -0.001 -21"><span class='ocrx_word' id='word_1_336' title='bbox 618 4201 656 4253; x_wconf 79' lang='lat' dir='ltr'><strong><em>d</em></strong></span> <span class='ocrx_word' id='word_1_337' title='bbox 723 4204 745 4266; x_wconf 91' lang='grc' dir='ltr'><strong>ΙΙ</strong></span> <span class='ocrx_word' id='word_1_338' title='bbox 818 4201 900 4253; x_wconf 87' lang='grc'><strong>17.</strong></span> <span class='ocrx_word' id='word_1_339' title='bbox 940 4201 1020 4271; x_wconf 85' lang='grc' dir='ltr'><strong>τῷ</strong></span> <span class='ocrx_word' id='word_1_340' title='bbox 1042 4217 1149 4253; x_wconf 91' lang='lat' dir='ltr'><strong>om.</strong></span> <span class='ocrx_word' id='word_1_341' title='bbox 1182 4218 1209 4254; x_wconf 78' lang='lat' dir='ltr'><em>z</em></span> <span class='ocrx_word' id='word_1_342' title='bbox 1278 4204 1300 4266; x_wconf 81' lang='grc' dir='ltr'><strong>ΙΙ</strong></span> <span class='ocrx_word' id='word_1_343' title='bbox 1369 4201 1651 4255; x_wconf 71' lang='grc' dir='ltr'><strong>τούτωνΙί</strong></span> <span class='ocrx_word' id='word_1_344' title='bbox 1709 4205 1732 4268; x_wconf 77' lang='grc' dir='ltr'><strong>ΙΙ</strong></span> <span class='ocrx_word' id='word_1_345' title='bbox 1790 4200 1876 4254; x_wconf 80' lang='grc' dir='ltr'><strong>ἐπὶ</strong></span> <span class='ocrx_word' id='word_1_346' title='bbox 1898 4201 2063 4272; x_wconf 82' lang='grc' dir='ltr'><strong>πολῆς</strong></span> <span class='ocrx_word' id='word_1_347' title='bbox 2089 4202 2277 4268; x_wconf 58' lang='lat' dir='ltr'><strong>Rem</strong></span> <span class='ocrx_word' id='word_1_348' title='bbox 2300 4201 2501 4274; x_wconf 85' lang='grc' dir='ltr'><strong>πολλῆς</strong></span> <span class='ocrx_word' id='word_1_349' title='bbox 2532 4203 2581 4257; x_wconf 83' lang='lat'><em>0</em></span> <span class='ocrx_word' id='word_1_350' title='bbox 2629 4206 2654 4268; x_wconf 86' lang='grc' dir='ltr'>Ι</span> <span class='ocrx_word' id='word_1_351' title='bbox 2707 4200 2873 4253; x_wconf 72' lang='grc' dir='ltr'><strong>τίνουσι</strong></span> 
     </span>
     <span class='ocr_line' id='line_1_37' title="bbox 614 4269 2875 4343; baseline 0 -21"><span class='ocrx_word' id='word_1_352' title='bbox 614 4270 747 4323; x_wconf 75' lang='lat' dir='ltr'><strong>A¹B</strong></span> <span class='ocrx_word' id='word_1_353' title='bbox 791 4271 814 4335; x_wconf 80' lang='grc' dir='ltr'><strong>ΙΙ</strong></span> <span class='ocrx_word' id='word_1_354' title='bbox 863 4270 946 4323; x_wconf 83' lang='grc'><strong>18.</strong></span> <span class='ocrx_word' id='word_1_355' title='bbox 983 4269 1223 4342; x_wconf 70' lang='grc' dir='ltr'><strong>χρέονται</strong></span> <span class='ocrx_word' id='word_1_356' title='bbox 1250 4270 1305 4324; x_wconf 91' lang='grc' dir='ltr'><em>Ρ</em></span> <span class='ocrx_word' id='word_1_357' title='bbox 1357 4273 1379 4335; x_wconf 84' lang='grc' dir='ltr'><strong>ΙΙ</strong></span> <span class='ocrx_word' id='word_1_358' title='bbox 1447 4273 1525 4323; x_wconf 88' lang='grc'><strong>19.</strong></span> <span class='ocrx_word' id='word_1_359' title='bbox 1562 4270 1661 4323; x_wconf 75' lang='grc' dir='ltr'><strong>ἐνιῑι</strong></span> <span class='ocrx_word' id='word_1_360' title='bbox 1687 4272 1760 4337; x_wconf 85' lang='grc' dir='ltr'><strong>Β,</strong></span> <span class='ocrx_word' id='word_1_361' title='bbox 1788 4271 1842 4324; x_wconf 84' lang='grc' dir='ltr'><strong>ἐν</strong></span> <span class='ocrx_word' id='word_1_362' title='bbox 1869 4272 1991 4324; x_wconf 67' lang='grc' dir='ltr'><strong>ῶνα</strong></span> <span class='ocrx_word' id='word_1_363' title='bbox 2039 4274 2061 4337; x_wconf 83' lang='grc' dir='ltr'><strong>ΙΙ</strong></span> <span class='ocrx_word' id='word_1_364' title='bbox 2119 4270 2189 4336; x_wconf 83' lang='grc' dir='ltr'><strong>ἓν]</strong></span> <span class='ocrx_word' id='word_1_365' title='bbox 2219 4270 2275 4324; x_wconf 83' lang='grc' dir='ltr'><strong>εὖ</strong></span> <span class='ocrx_word' id='word_1_366' title='bbox 2302 4271 2399 4325; x_wconf 73' lang='lat' dir='ltr'><strong>Ra</strong></span> <span class='ocrx_word' id='word_1_367' title='bbox 2453 4275 2476 4337; x_wconf 79' lang='lat' dir='ltr'>u</span> <span class='ocrx_word' id='word_1_368' title='bbox 2536 4273 2620 4324; x_wconf 81' lang='lat'><strong>21.</strong></span> <span class='ocrx_word' id='word_1_369' title='bbox 2658 4269 2875 4343; x_wconf 70' lang='grc' dir='ltr'><strong>χρέοπιι</strong></span> 
     </span>
     <span class='ocr_line' id='line_1_38' title="bbox 618 4337 2874 4412; baseline 0 -21"><span class='ocrx_word' id='word_1_370' title='bbox 618 4338 672 4391; x_wconf 88' lang='grc' dir='ltr'><strong><em>Ρ</em></strong></span> <span class='ocrx_word' id='word_1_371' title='bbox 712 4341 735 4404; x_wconf 77' lang='grc' dir='ltr'><strong>ΙΙ</strong></span> <span class='ocrx_word' id='word_1_372' title='bbox 782 4339 866 4392; x_wconf 81' lang='lat'><strong>22.</strong></span> <span class='ocrx_word' id='word_1_373' title='bbox 908 4337 1142 4392; x_wconf 80' lang='grc' dir='ltr'><strong>δύνανται</strong></span> <span class='ocrx_word' id='word_1_374' title='bbox 1167 4340 1336 4393; x_wconf 75' lang='lat' dir='ltr'><strong>ABG</strong></span> <span class='ocrx_word' id='word_1_375' title='bbox 1373 4342 1397 4405; x_wconf 82' lang='grc' dir='ltr'><strong>ΙΙ</strong></span> <span class='ocrx_word' id='word_1_376' title='bbox 1443 4341 1529 4393; x_wconf 83' lang='lat'><strong>23.</strong></span> <span class='ocrx_word' id='word_1_377' title='bbox 1567 4339 1849 4412; x_wconf 84' lang='grc' dir='ltr'><strong>καταρρόον</strong></span> <span class='ocrx_word' id='word_1_378' title='bbox 1873 4342 1982 4394; x_wconf 86' lang='lat' dir='ltr'><strong>AB</strong></span> <span class='ocrx_word' id='word_1_379' title='bbox 2029 4344 2052 4407; x_wconf 85' lang='grc' dir='ltr'><strong>ΙΙ</strong></span> <span class='ocrx_word' id='word_1_380' title='bbox 2096 4339 2392 4408; x_wconf 75' lang='grc' dir='ltr'><strong>κομίζονται</strong></span> <span class='ocrx_word' id='word_1_381' title='bbox 2420 4341 2469 4395; x_wconf 83' lang='lat'><em>0</em></span> <span class='ocrx_word' id='word_1_382' title='bbox 2506 4344 2532 4406; x_wconf 80' lang='grc' dir='ltr'><strong>ΙΙ</strong></span> <span class='ocrx_word' id='word_1_383' title='bbox 2590 4341 2675 4393; x_wconf 78' lang='grc'><strong>24.</strong></span> <span class='ocrx_word' id='word_1_384' title='bbox 2714 4353 2874 4405; x_wconf 75' lang='grc' dir='ltr'><strong>κατερ-</strong></span> 
     </span>
     <span class='ocr_line' id='line_1_39' title="bbox 616 4406 2873 4492; baseline 0.001 -35"><span class='ocrx_word' id='word_1_385' title='bbox 616 4406 843 4478; x_wconf 79' lang='grc' dir='ltr'><strong>ραγμὲνη</strong></span> <span class='ocrx_word' id='word_1_386' title='bbox 874 4408 923 4462; x_wconf 78' lang='grc'><em>0</em></span> <span class='ocrx_word' id='word_1_387' title='bbox 959 4410 983 4473; x_wconf 86' lang='grc' dir='ltr'><strong>ΙΙ</strong></span> <span class='ocrx_word' id='word_1_388' title='bbox 1031 4408 1163 4480; x_wconf 74' lang='grc' dir='ltr'><strong>ῥίπει</strong></span> <span class='ocrx_word' id='word_1_389' title='bbox 1186 4410 1315 4475; x_wconf 82' lang='grc' dir='ltr'><strong>ΑΒ,</strong></span> <span class='ocrx_word' id='word_1_390' title='bbox 1344 4408 1452 4492; x_wconf 52' lang='grc' dir='ltr'><strong>ῥιπὶ</strong></span> <span class='ocrx_word' id='word_1_391' title='bbox 1477 4410 1574 4463; x_wconf 70' lang='lat' dir='ltr'><strong>Ra</strong></span> <span class='ocrx_word' id='word_1_392' title='bbox 1617 4411 1641 4474; x_wconf 86' lang='grc' dir='ltr'><strong>ΙΙ</strong></span> <span class='ocrx_word' id='word_1_393' title='bbox 1685 4409 1907 4479; x_wconf 83' lang='grc' dir='ltr'><strong>καλάμω</strong></span> <span class='ocrx_word' id='word_1_394' title='bbox 1933 4410 2030 4463; x_wconf 74' lang='lat' dir='ltr'><strong>Ra</strong></span> <span class='ocrx_word' id='word_1_395' title='bbox 2071 4412 2094 4476; x_wconf 86' lang='grc' dir='ltr'><strong>ΙΙ</strong></span> <span class='ocrx_word' id='word_1_396' title='bbox 2139 4411 2222 4461; x_wconf 82' lang='grc'><strong>25.</strong></span> <span class='ocrx_word' id='word_1_397' title='bbox 2260 4408 2571 4481; x_wconf 80' lang='grc' dir='ltr'><strong>τετρημένος</strong></span> <span class='ocrx_word' id='word_1_398' title='bbox 2593 4406 2873 4463; x_wconf 75' lang='lat' dir='ltr'><strong><em>Acorr.R=</em></strong></span> 
     </span>
    </p>
   </div>
   <div class='ocr_carea' id='block_1_9' title="bbox 611 4497 2737 4586">
    <p class='ocr_par' dir='ltr' id='par_1_9' title="bbox 611 4497 2737 4586">
     <span class='ocr_line' id='line_1_40' title="bbox 611 4497 2737 4586; baseline 0.003 -27"><span class='ocrx_word' id='word_1_399' title='bbox 611 4509 940 4580; x_wconf 78' lang='grc' dir='ltr'><strong>τετριμμένος</strong></span> <span class='ocrx_word' id='word_1_400' title='bbox 968 4516 1086 4581; x_wconf 81' lang='lat' dir='ltr'><strong>Apr</strong></span> <span class='ocrx_word' id='word_1_401' title='bbox 1111 4513 1266 4577; x_wconf 83' lang='lat' dir='ltr'><em>Bc&#39;d,</em></span> <span class='ocrx_word' id='word_1_402' title='bbox 1293 4497 1646 4586; x_wconf 76' lang='grc' dir='ltr'><strong>τετρῆμμένος</strong></span> <span class='ocrx_word' id='word_1_403' title='bbox 1674 4513 1730 4565; x_wconf 87' lang='lat' dir='ltr'><em>R</em></span> <span class='ocrx_word' id='word_1_404' title='bbox 1776 4515 1799 4577; x_wconf 85' lang='grc' dir='ltr'><strong>ΙΙ</strong></span> <span class='ocrx_word' id='word_1_405' title='bbox 1851 4512 2180 4572; x_wconf 68' lang='grc' dir='ltr'><strong>δινντάλαντος</strong></span> <span class='ocrx_word' id='word_1_406' title='bbox 2205 4517 2276 4578; x_wconf 83' lang='grc' dir='ltr'><strong>Α,</strong></span> <span class='ocrx_word' id='word_1_407' title='bbox 2303 4512 2389 4566; x_wconf 80' lang='grc' dir='ltr'><strong>διὰ</strong></span> <span class='ocrx_word' id='word_1_408' title='bbox 2409 4512 2657 4570; x_wconf 84' lang='grc' dir='ltr'><strong>τάλαντος</strong></span> <span class='ocrx_word' id='word_1_409' title='bbox 2688 4513 2737 4566; x_wconf 83' lang='lat' dir='ltr'><em>C</em></span> 
     </span>
    </p>
   </div>
  </div>
 </body>
</html>
