3059 5125
523 431 649 476 vul
1518 407 1806 462 Praefatio.

521 609 726 658 mum
745 640 764 673 ,
815 586 891 657 h.
932 610 995 658 e.
1051 594 1138 658 ut
1187 607 1387 656 nunc
1432 580 1613 656 folia
1645 591 2128 657 numerantur
2144 637 2162 669 ‚
2212 591 2503 676 praeter
2534 579 2801 655 folium

523 716 568 788 8
599 723 675 787 et
707 715 825 803 14,
861 723 1102 788 cetera
1136 712 1407 801 omnia,
1445 733 1636 806 quae
1673 712 1974 806 quidem
2010 712 2486 785 continebant
2510 713 2584 783 A
2619 712 2800 786 1-35

521 845 710 917 med.
753 842 1095 937 ἐμεωυτοῦ
1147 839 1363 915 ἀέκων
1416 849 1493 916 et
1528 843 1625 915 42
1663 844 2092 941 πρήσσοντας
2129 840 2296 912 ἰέναι
2335 881 2427 893 -
2474 842 2569 914 68
2607 842 2798 913 med.

523 970 653 1044 ὑπὸ
690 969 1042 1070 civetati-qe:
1100 965 1478 1067 supplevit
1510 971 1591 1044 id
1626 971 1977 1044 damnum
2026 993 2289 1042 manus
2326 967 2472 1043 alia
2505 967 2593 1065 (b)
2643 994 2803 1042 sae-

521 1100 674 1174 culi
709 1101 970 1196 opinor
1002 1101 1219 1174 XIV.
1309 1124 1499 1196 quae
1536 1122 1798 1173 manus
1834 1123 2004 1172 cum
2039 1099 2424 1173 minutiori
2466 1106 2804 1172 uteretur

521 1229 816 1303 modulo
876 1229 1288 1304 litterarum
1307 1285 1327 1317 ‚
1401 1228 1903 1324 quaternionis
1964 1228 2184 1324 primi
2252 1251 2442 1324 quae
2508 1225 2805 1302 fuerant

524 1368 686 1432 octo
719 1356 899 1433 folia
934 1361 1028 1432 ad
1062 1368 1347 1454 septem
1377 1356 1682 1454 redegit,
1734 1355 2033 1432 alterius
2083 1381 2273 1452 quae
2325 1357 2627 1431 deerant
2674 1381 2806 1430 sex

522 1489 1025 1584 compensavit
1069 1485 1266 1560 foliis
1317 1487 1669 1583 quinque.
1771 1487 1997 1559 huius
2051 1486 2322 1560 codicis
2372 1487 2807 1561 varietatem

519 1616 853 1692 lectionis
916 1618 1201 1712 accepit
1253 1614 1677 1712 Wesseling
1735 1615 2095 1690 beneficio
2157 1614 2569 1688 Cardinalis
2629 1615 2809 1688 Pas-

456 1723 464 1730 ·
522 1746 778 1835 sionei,
834 1746 1033 1842 apud
1082 1768 1304 1840 quem
1346 1744 1475 1819 ille
1524 1753 1689 1818 tum
1736 1745 1963 1818 etiam
1998 1753 2177 1832 erat,
2227 1769 2381 1818 non
2429 1746 2589 1819 sine
2632 1769 2811 1818 cura

522 1885 898 1950 enotatam
933 1899 1072 1948 nec
1107 1883 1356 1948 tamen
1392 1872 1692 1970 plenam
1727 1898 1814 1946 ac
1848 1874 2096 1948 nescio
2133 1896 2281 1968 quo
2323 1898 2595 1961 errore,
2650 1876 2808 1948 sive

522 2006 682 2080 eius
755 2005 885 2101 qui
955 2005 1328 2099 excerpsit
1394 2004 1551 2077 sive
1630 2002 1933 2078 editoris
1951 2057 1970 2090 ,
2057 2000 2501 2098 aliquotiens
2580 2003 2809 2098 idque

521 2135 849 2208 maxime
897 2157 1032 2229 per
1086 2132 1387 2206 ultimos
1443 2131 1678 2205 libros
1726 2130 1948 2227 plane
1996 2129 2259 2205 falsam
2303 2157 2390 2205 ac
2429 2129 2586 2207 fere
2636 2157 2809 2205 cum

526 2263 844 2337 aliorum
881 2263 1218 2336 codicum
1252 2260 1701 2335 lectionibus
1738 2257 2140 2334 confusam.
2256 2262 2511 2357 itaque
2561 2264 2808 2336 denuo

522 2390 827 2467 contuli.

741 2520 810 2595 3.
886 2520 954 2594 G
1070 2516 1543 2593 Florentinus
1565 2574 1585 2607 ‚
1664 2515 1846 2593 olim
1914 2515 2111 2594 inter
2178 2517 2410 2593 libros
2482 2528 2810 2595 vetustos

521 2651 895 2726 Abbatiae
943 2648 1098 2724 sive
1147 2648 1577 2722 monasterii
1625 2648 2282 2723 Benedictinorum
2315 2649 2591 2724 Beatae
2638 2650 2812 2723 Ma-

521 2782 675 2854 riae
710 2779 1211 2866 Florentinae,
1261 2779 1395 2852 ubi
1432 2778 1621 2851 vidit
1665 2802 1837 2851 eum
1871 2775 2360 2851 Montfaucon
2399 2777 2604 2874 (diat.
2644 2779 2805 2854 ital.

521 2934 594 3005 p.
638 2898 828 2983 3655
881 2905 1225 2981 biblioth.
1274 2907 1315 2979 I
1363 2931 1436 3002 p.
1484 2906 1697 3003 414),
1749 2930 2057 2979 numero
2111 2908 2301 2994 207,
2360 2931 2562 2980 nunc
2610 2908 2813 2983 inter

523 3039 807 3113 codices
841 3060 1137 3134 graecos
1173 3061 1215 3110 e
1251 3035 1717 3109 monasteriis
1751 3035 2081 3109 Etruscis
2116 3036 2199 3108 in
2225 3036 2811 3114 Laurentianam

523 3165 919 3241 translatos
953 3165 1260 3261 primus.
1351 3165 1842 3239 membraneis
1879 3172 2164 3238 constat
2197 3162 2399 3239 foliis
2439 3166 2587 3240 310
2627 3191 2815 3263 qua-

524 3296 778 3384 dratis,
831 3319 1096 3391 parum
1145 3294 1431 3368 curiose
1475 3294 1779 3367 habitus
1827 3294 1935 3366 sic
1980 3302 2070 3368 ut
2101 3293 2356 3368 multis
2389 3319 2592 3369 nunc
2625 3295 2813 3372 locis

524 3425 956 3520 impeditius
989 3422 1298 3521 legatur.
1392 3423 1836 3519 scripturam
1878 3423 2101 3518 periti
2137 3423 2438 3518 quidem
2484 3432 2562 3498 et
2595 3449 2815 3498 exer-

525 3554 736 3628 citati
770 3553 1120 3640 hominis,
1164 3553 1294 3626 sed
1325 3576 1477 3626 non
1516 3552 1695 3625 satis
1729 3550 2104 3648 diligentis
2138 3552 2603 3650 nimiumque
2641 3578 2815 3627 cur-

525 3684 758 3757 rentis
794 3706 881 3755 ac
914 3683 1209 3778 saepius
1247 3682 1683 3770 aberrantis,
1721 3683 1815 3754 ad
1849 3680 2224 3755 saeculum
2258 3681 2635 3757 retulerim
2665 3709 2814 3757 un-

525 3813 915 3887 decimum.
987 3812 1270 3908 primae
1296 3812 1612 3907 paginae
1649 3834 1818 3884 cum
1842 3833 2078 3906 paene
2114 3812 2267 3885 situ
2303 3821 2378 3886 et
2414 3815 2813 3889 atramenti

522 3939 806 4038 pallore
840 3942 1336 4028 evanuissent,
1385 3937 1647 4014 refecit
1695 3963 1958 4013 manus
2004 3939 2384 4036 aliquanto
2418 3943 2806 4018 recentior.

524 4072 852 4171 itemque
890 4096 1061 4144 cum
1098 4094 1273 4143 casu
1306 4067 1560 4166 aliquo
1595 4071 2025 4145 interissent
2056 4067 2237 4143 folia
2266 4071 2335 4145 9.
2376 4072 2490 4144 10.
2533 4073 2649 4145 11.
2685 4073 2809 4149 12.

533 4201 651 4289 13,
690 4224 882 4297 quae
916 4199 1399 4276 continebant
1430 4201 1504 4271 A
1542 4200 1633 4272 41
1675 4197 1997 4300 παρέχων
2030 4202 2255 4273 πᾶσαν
2282 4240 2319 4254 -
2359 4201 2456 4274 68
2486 4196 2807 4274 ἀπελθὼν

525 4329 598 4412 ἐς
622 4327 965 4431 Σπάρτην,
1005 4354 1095 4404 ea
1125 4327 1395 4403 lacuna
1425 4336 1680 4424 postea
1713 4326 2054 4425 suppleta
2086 4336 2199 4405 est
2224 4327 2516 4404 saeculo
2543 4331 2813 4425 quinto

528 4460 812 4533 decimo
848 4458 956 4556 (c).
1046 4457 1196 4532 fuit
1237 4466 1488 4533 autem
1535 4458 1662 4531 hic
1710 4459 1942 4531 codex
1990 4458 2210 4533 initio
2252 4459 2481 4533 huius
2531 4457 2811 4534 saeculi

524 4587 779 4665 fraude
815 4587 1069 4685 aliqua
1106 4613 1148 4661 e
1189 4612 1323 4661 sua
1362 4589 1562 4684 apud
1585 4587 2109 4663 Benedictinos
2144 4589 2313 4663 sede
2349 4596 2551 4663 trans
2572 4586 2812 4683 Alpes
