3059 5125
693 224 818 288 380
1643 227 2026 292 ..Δ-

694 399 821 496 γὰρ
863 398 1080 499 Λιβύη
1124 399 1242 493 μὲν
1282 400 1392 473 ἐπὶ
1435 399 1700 502 Λιβύης
1748 402 2015 500 λέγεται
2069 402 2197 475 ὑπὸ
2234 411 2365 473 τῶν
2401 400 2675 475 πολλῶν
2699 397 2927 499 Ἐλλή-

694 546 828 590 νων
882 518 1063 616 ἔχειν
1108 523 1183 591 τὸ
1231 519 1487 614 οὔνομα
1538 523 1844 618 γυναικὸς
1887 521 2321 620 αὐτόχθονος,
2374 525 2421 621 ἡ
2476 520 2554 594 δὲ
2602 512 2798 620 Ἀσίη
2840 522 2930 592 ἐπὶ

694 648 819 738 τῆς
874 636 1287 737 Προμηθέος
1339 645 1650 738 γυναικὸς
1701 645 1822 741 τήν
1879 641 2297 741 ἐπωνυμίην.
2388 644 2500 714 καὶ
2555 644 2787 714 τούτου
2836 641 2934 734 μὲν

697 757 1325 860 μεταλαμβάνονται
1371 766 1490 832 τοῦ
1547 761 1917 856 οὐνόματος
1955 760 2187 843 Λυδοί,
2234 762 2524 859 φάμενοι
2561 762 2672 834 ἐπὶ
2712 750 2936 833 Ἀσίεω

696 884 815 950 τοῦ
860 874 1123 961 Κότυος
1159 884 1275 951 τοῦ
1313 874 1569 952 Μάνεω
1613 880 1983 981 κεκλῆσθαι
2015 885 2138 980 τὴν
2170 871 2437 981 Ἀσίην,
2492 875 2649 955 ἀλλ’
2692 883 2804 953 οὐκ
2847 880 2938 952 ἐπὶ
2990 899 3011 946 5

695 1006 818 1098 τῆς
858 996 1266 1097 Προμηθέος
1293 992 1578 1098 Ἀσίης·
1636 992 1757 1071 ἀπ’
1806 1001 1956 1072 ὅτευ
2007 1003 2116 1073 καὶ
2162 1005 2284 1100 τὴν
2334 1002 2404 1074 ἐν
2440 1001 2717 1102 Σάρδισι
2749 999 2938 1098 φυλὴν

698 1117 1064 1218 κεκλῆσθαι
1107 1107 1422 1192 Ἀσιάδα.
1536 1120 1585 1218 ἡ
1641 1117 1717 1190 δὲ
1770 1118 1855 1218 δὴ
1908 1116 2212 1220 Εὐρώπη
2264 1120 2418 1193 οὔτε
2468 1123 2526 1194 εί
2578 1121 2939 1220 περίρρυτός

697 1238 838 1311 ἐστι
888 1242 1281 1335 γινώσκεται
1330 1240 1498 1337 πρὸς
1545 1238 1859 1332 οὐδαμῶν
1916 1238 2336 1338 ἀνθρώπων,
2405 1240 2562 1313 οὔτε
2614 1238 2837 1312 ὁκόθεν
2876 1240 2941 1309 τὸ

699 1358 955 1453 οὔνομα
991 1357 1198 1458 ἔλαβε
1234 1363 1452 1438 τοῦτο,
1508 1356 1666 1431 οὔτε
1702 1359 1886 1440 ὅστις
1922 1360 1985 1429 οἱ
2019 1361 2103 1458 ἧν
2141 1360 2177 1430 ὁ
2214 1359 2503 1453 θέμενος
2540 1364 2848 1458 φαίνεται,
2894 1356 2942 1430 εί

699 1482 795 1578 μὴ
835 1476 970 1551 ἀπὸ
1005 1486 1130 1578 τῆς
1164 1473 1414 1576 Τυρίης
1449 1481 1759 1575 φήσομεν
1798 1475 2143 1579 Εὐρώπης
2178 1479 2407 1581 λαβεῖν
2441 1483 2520 1552 τὸ
2558 1479 2806 1574 οὔνομα
2837 1480 2941 1574 τὴν
2973 1493 3017 1543 1⁰

698 1603 969 1698 χώρην·
1040 1599 1364 1696 πρότερον
1435 1596 1510 1669 δὲ
1574 1598 1659 1696 ἧν
1719 1595 1850 1697 ἄρα
1903 1596 2259 1692 α’νώνυμος
2311 1602 2543 1699 ὥσπερ
2600 1601 2669 1671 αί
2724 1596 2942 1697 ἕτεραι.

699 1708 860 1791 ἀλλ’
904 1716 1074 1815 αῦτη
1115 1744 1191 1815 γε
1227 1716 1300 1789 ἐκ
1334 1725 1459 1817 τῆς
1486 1712 1735 1816 Ἀσίης
1780 1743 1858 1790 τε
1904 1723 2209 1816 φαίνεται
2256 1719 2468 1791 ἐοῦσα
2517 1722 2628 1791 καὶ
2661 1720 2777 1791 οὐκ
2805 1714 2943 1789 άπι-

700 1835 950 1936 κομένη
1011 1837 1082 1917 ές
1126 1840 1248 1937 τὴν
1299 1845 1425 1937 γῆν
1476 1839 1731 1936 ταύτην
1770 1839 1920 1936 ἤτις
1954 1842 2071 1908 νῦν
2114 1837 2242 1910 ὑπὸ
2269 1833 2633 1939 Ἑλλήνων
2673 1835 2943 1937 Εὐρώπη

702 1957 1028 2039 καλέεται,
1090 1944 1252 2028 ἀλλ’
1299 1957 1456 2030 ὅσον
1509 1956 1585 2030 ἐκ
1621 1954 1941 2056 Φοινίκης
1986 1957 2060 2038 ἐς
2098 1955 2405 2057 Κρήτην,
2467 1959 2542 2031 ἐκ
2582 1956 2856 2057 Κρήτης
2885 1953 2948 2026 δὲ

700 2078 772 2158 ἐς
808 2075 1087 2176 Λυκίην.
1177 2083 1388 2150 ταῦτα
1428 2076 1551 2172 μέν
1587 2102 1698 2150 νυν
1735 2078 1846 2152 ἐπὶ
1881 2083 2203 2150 τοσοῦτον
2239 2079 2585 2177 εἰρήσθω·
2642 2083 2806 2151 τοῖσι
2834 2075 2947 2173 γὰρ
2979 2094 3023 2145 1⁵

699 2197 1200 2292 νομιζομένοισι
1235 2197 1454 2269 αὐτῶν
1490 2197 1919 2297 χρησόμεθα.

593 2321 677 2382 46
840 2305 929 2387 ‘O
967 2317 1041 2389 δὲ
1079 2314 1332 2398 Πόντος
1367 2317 1403 2388 ὁ
1443 2314 1777 2400 Εὔξεινος,
1840 2309 1952 2390 ἐπ’
1998 2320 2075 2389 ὃν
2127 2318 2560 2418 ἐστρατεύετο
2599 2319 2636 2391 ό
2672 2317 2945 2417 Δαρεῖος,

698 2439 982 2536 χωρέων
1020 2434 1293 2508 πασέων
1331 2436 1699 2536 παρέχεται
1736 2435 1866 2518 ἔξω
1912 2444 2032 2509 τοῦ
2070 2437 2403 2511 Σκυθικοῦ
2451 2437 2661 2512 ἔθνεα
2710 2436 2947 2533 ἀμαθέ-

702 2584 933 2633 στατα.
1027 2555 1181 2630 οὔτε
1216 2556 1342 2657 γὰρ
1381 2555 1576 2638 ἔθνος
1625 2565 1758 2629 τῶν
1814 2557 1999 2638 ἐντὸς
2034 2564 2153 2631 τοῦ
2194 2557 2457 2631 Πόντου
2493 2557 2687 2632 οὐδὲν
2725 2556 2947 2656 ἔχομεν

700 2678 1169 2782 προβαλέσθαι
1205 2682 1454 2775 σοφίης
1500 2678 1656 2776 πέρι
1711 2677 1866 2750 οὔτε
1913 2677 2125 2775 ἄνδρα
2179 2679 2402 2774 λόγιον
2459 2679 2735 2774 οἴδαμεν
2786 2680 2952 2775 γενό-
2981 2692 3031 2742 2⁰

704 2826 924 2895 μενον,
965 2797 1173 2897 πάρεξ
1209 2802 1328 2869 τοῦ
1364 2796 1695 2869 Σκυθικοῦ
1750 2796 1985 2879 ἔθνεος
2041 2801 2146 2869 καὶ
2185 2792 2669 2896 Ἀναχάρσιος.
2756 2801 2853 2896 τῷ
2889 2796 2953 2868 δὲ

701 2917 1014 3013 Σκυθικῷ
1046 2918 1220 3013 γένεϊ
1255 2914 1325 2988 ἓν
1368 2915 1484 3010 μὲν
1522 2922 1599 2990 τὸ
1638 2917 1949 3013 μέγιστον
1989 2925 2120 2987 τῶν
2160 2915 2617 3016 ἀνθρωπηίων
2653 2917 2951 3018 πρηγμά-

702 3064 836 3109 των
874 3040 1234 3133 σοφώτατα
1269 3036 1537 3107 πάντων
1578 3036 1932 3136 ἐξεύρηται
1969 3044 2101 3106 τῶν
2141 3038 2338 3135 ἡμεῖς
2373 3038 2583 3131 ἴδμεν,
2638 3036 2720 3109 τὰ
2755 3036 2951 3133 μέντοι

704 3156 881 3231 ἄλλα
919 3156 1038 3227 οὐκ
1074 3154 1368 3253 ἄγαμαι·
1426 3159 1502 3228 τὸ
1542 3153 1616 3227 δὲ
1668 3155 1977 3251 μέγιστον
2030 3154 2207 3227 οὕτω
2246 3181 2368 3253 σφι
2404 3154 2766 3257 ἀνεύρηται
2797 3159 2951 3227 ὥστε

914 3415 959 3467 1.
989 3444 1018 3455 -
1043 3416 1071 3465 7
1112 3410 1428 3468 Euanthius
1450 3409 1619 3465 Dion.
1649 3411 1767 3461 270.
1807 3439 1875 3449 -
1910 3413 1958 3462 4.
2002 3409 2205 3464 ibidem
2237 3412 2358 3464 620.
2398 3440 2466 3450 --
2506 3413 2589 3467 18.
2621 3443 2649 3453 -
2674 3413 2730 3465 21
2772 3409 2950 3466 ibidem

806 3487 924 3536 669.
1005 3513 1064 3522 —
1140 3485 1224 3534 20.
1265 3479 1381 3535 οὐτε
1417 3511 1445 3521 -
1482 3482 1542 3531 21
1585 3473 1709 3533 Ἀνα
1748 3480 1918 3550 άρσιος
1967 3479 2348 3543 (Herodianus)
2394 3480 2450 3533 in
2486 3481 2731 3536 Crameri
2765 3478 2947 3534 Anecd.

808 3554 986 3606 Oxou.
1015 3551 1043 3605 1
1069 3555 1187 3606 380.
1227 3580 1297 3591 —
1333 3553 1418 3605 21.
1459 3548 1668 3620 πάρεξ-
1812 3567 1867 3607 ος
1892 3547 2035 3602 idem
2061 3549 2175 3620 περὶ
2201 3567 2315 3617 μον.
2343 3549 2448 3613 λέξ.
2476 3568 2533 3621 p.
2565 3553 2631 3603 25

816 3743 857 3794 1.
899 3687 1000 3795 ιέὶπύ
1038 3742 1115 3805 P,
1158 3741 1260 3795 ἀπὸ
1298 3742 1399 3795 Rz.
1429 3740 1588 3794 Eust.
1674 3741 1697 3804 ΙΙ
1780 3740 1830 3791 2.
1868 3737 2096 3809 τοῦνομα
2123 3756 2161 3825 κκ
2231 3742 2253 3804 ΙΙ
2334 3738 2437 3794 ἀπὸ
2462 3740 2688 3811 ἢηπΒε
2712 3740 2858 3795 Eust.
2939 3738 2954 3797 Η

706 3867 754 3915 3.
795 3864 1045 3933 γυναικὸς]
1080 3862 1269 3932 μητρὸς
1294 3861 1448 3915 Euat.
1502 3864 1524 3926 ΙΙ
1574 3863 1622 3913 4.
1667 3860 1913 3929 ὀνόματος
1941 3878 1967 3912 z
2013 3862 2035 3925 11
2074 3805 2185 3917 ἐἀνι-ιδ
2211 3861 2277 3927 P,
2307 3861 2408 3914 ἀπὸ
2434 3862 2535 3914 Rz.
2568 3861 2727 3915 Euat.
2776 3865 2797 3926 ΙΙ
2840 3859 2954 3913 doen

706 3986 759 4048 d,
791 3981 937 4037 Ασεω
961 4002 987 4035 z
1044 3985 1065 4046 ΙΙ
1129 3985 1176 4034 5.
1219 3982 1398 4050 βότυος
1426 3983 1482 4035 R
1530 3984 1552 4045 ΙΙ
1598 3980 1895 4035 κεκλεῖσθαι
1920 3983 1975 4035 Β
2091 3932 2193 4038 Su}
2220 3983 2287 4048 Ρ,
2316 3982 2417 4035 ἀπὸ
2443 3980 2525 4034 Ra
2584 3985 2606 4045 ΙΙ
2667 3988 2717 4035 6.
2758 3976 2954 4035 ἀπ’ἇιτυ

706 4054 790 4107 I’=
831 4052 1018 4105 ἀπότευ
1044 4053 1210 4112 ARd,
1250 4051 1352 4103 ἀπό
1374 4069 1460 4102 τευ
1492 4054 1577 4113 Cb,
1618 4044 1696 4103 ἐπ’
1722 4051 1836 4103 ὅτευ
1864 4051 1921 4103 R
2105 4052 2342 4125 φυλακὴν
2371 4053 2428 4104 R
2507 4053 2530 4115 ῙΙ
2616 4055 2663 4104 7.
2704 4050 2813 4105 οὔτε
2839 4049 2953 4103 PR:

705 4115 811 4174 οὐδ’
869 4124 891 4183 ΙΙ
957 4123 1034 4172 10.
1075 4119 1486 4190 τυρίηςΑἳΡΗε
1513 4120 1689 4189 συρίης
1760 4122 1781 4183 ΙΙ
1858 4121 1935 4170 11.
1978 4123 2161 4175 aiom.
2192 4119 2248 4172 R
2317 4123 2339 4184 ΙΙ
2416 4122 2491 4171 13.
2534 4120 2630 4189 τὴν
2656 4138 2763 4174 om.
2791 4118 2886 4174 PR
2942 4126 2948 4178 ἒ

713 4193 792 4241 Η.
832 4190 1008 4259 κρίτης
1034 4190 1148 4243 BR
1218 4191 1239 4253 ΙΙ
1318 4190 1394 4243 15.
1435 4188 1618 4257 λυβίην
1641 4188 1716 4249 R,
1743 4188 1923 4258 λιβύην
1949 4192 1987 4243 d
2042 4195 2063 4255 ΙΙ
2127 4194 2205 4242 16.
2247 4189 2442 4242 αὐτέων
2471 4188 2551 4241 Rz
2608 4192 2630 4253 ΙΙ
2697 4192 2774 4242 Π.
2812 4190 2950 4242 bom.

708 4260 842 4312 PRz
898 4261 919 4322 ΙΙ
983 4261 1063 4310 19.
1104 4257 1250 4309 οὐδὲν
1276 4260 1452 4311 0111.ιί
1504 4261 1525 4322 ΙΙ
1587 4261 1670 4311 20.
1712 4257 2093 4327 παραβαλέσθαι
2120 4262 2180 4314 dz
2239 4261 2261 4323 ΙΙ
2317 4257 2529 4328 λόγιμον
2558 4259 2683 4324 PR,
2712 4258 2828 4313 ἐλλό
2877 4273 2955 4324 μω

706 4328 861 4380 Euat.
915 4329 936 4390 ΙΙ
981 4327 1254 4398 λεγόμενον
1281 4328 1338 4380 R
1383 4329 1404 4391 ΙΙ
1453 4329 1535 4378 21.
1577 4334 1669 4380 τοῦ
1691 4345 1746 4380 τε
1771 4325 1985 4381 σκυθίου
2010 4327 2219 4382 Herod.
2252 4327 2371 4381 loco
2398 4327 2690 4401 posteriori
2734 4331 2757 4395 ΙΙ
2801 4327 2827 4381 ἔ
2908 4340 2954 4384 υς

705 4394 914 4452 Herod.
944 4395 1062 4448 loco
1089 4394 1255 4471 priori
1301 4398 1323 4463 ΙΙ
1372 4398 1452 4447 24.
1495 4394 1552 4451 δὲ
1577 4414 1686 4451 om.
1722 4397 1822 4451 GR
1867 4399 1889 4465 ΙΙ
1935 4396 2098 4461 οὕτως
2124 4400 2162 4453 d
