3059 5125
1080 395 1151 406 ...
1248 357 1460 425 Γ..
2289 358 2412 424 ‘267

296 530 478 607 Μετὰ
548 533 623 606 δὲ
691 538 902 606 ταῦτα
972 535 1009 604 ὁ
1086 531 1468 635 Καμβύσης
1540 534 1990 635 ἐβουλεύσατο
2062 540 2415 634 τριφασίας
2449 546 2516 609 17

172 660 522 755 στρατηίας,
578 655 690 728 ἐπί
726 680 796 727 τε
838 651 1351 753 Καρχηδονίους
1402 656 1508 726 καὶ
1548 654 1657 727 ἐπὶ
1686 645 2123 749 Ἀμμωνίους
2158 657 2269 727 καὶ
2306 654 2415 727 ἐπὶ

167 779 303 858 τοὺς
355 775 758 876 μακροβίους
809 770 1178 857 Αἰθίοπας,
1253 774 1654 873 οἰκημένους
1718 772 1795 846 δὲ
1849 772 2111 875 Λιβύης
2162 774 2270 847 ἐπὶ
2325 776 2412 872 τῇ

166 900 331 994 νοτίῃ
384 894 701 994 θαλάσσῃ
728 920 742 934 ·
814 894 1283 996 βουλευομένῳ
1335 894 1410 966 δέ
1463 896 1525 967 οί
1575 892 1770 975 ἔδοξε
1811 894 1919 967 ἐπὶ
1959 893 2082 988 μὲν
2121 892 2413 994 Καρχη-

111 1033 136 1079 5
167 1018 397 1097 δονίους
428 1018 541 1087 τὸν
578 1018 882 1087 ναυτικὸν
916 1017 1197 1114 στρατὸν
1233 1012 1697 1097 ἀποστέλλειν,
1736 1014 1845 1087 ἐπὶ
1877 1013 1952 1086 δὲ
1976 1004 2416 1109 Ἀμμωνίους

162 1140 265 1208 τού
294 1137 503 1217 πεζοῦ
538 1133 1007 1235 ἀποκρίναντα,
1044 1135 1156 1207 ἐπὶ
1189 1133 1260 1207 δὲ
1295 1136 1449 1216 τοὺς
1482 1130 1817 1217 Αἰθίοπας
1857 1136 2191 1216 κατόπτας
2223 1141 2414 1233 πρῶ-

163 1282 278 1339 τον,
332 1255 705 1353 ὀψομένους
757 1278 830 1328 τε
886 1258 1012 1355 τὴν
1070 1255 1141 1328 έν
1190 1256 1481 1327 τούτοισι
1518 1256 1688 1328 τοῖσι
1729 1251 2001 1353 Αἰθίοψι
2040 1254 2412 1353 λεγομένην

160 1375 304 1448 εἰναι
350 1375 550 1475 ἡλίου
598 1376 931 1476 τράπεζαν
982 1376 1039 1448 εἰ
1084 1374 1227 1449 ἔστι
1276 1372 1630 1473 ἀληθέως,
1700 1377 1809 1447 καί
1857 1377 2026 1474 πρὸς
2075 1375 2284 1472 ταύτῃ
2337 1372 2419 1445 τὰ

159 1495 316 1568 ἄλλα
350 1496 868 1593 κατοψομένους,
924 1496 1112 1594 δῶρα
1150 1494 1222 1568 δὲ
1258 1497 1359 1592 τῷ
1406 1494 1590 1592 λόγῳ
1627 1494 1959 1593 φέροντας
2007 1497 2109 1591 τῷ
2155 1492 2416 1595 βασιλέι

80 1632 129 1682 ιο
158 1616 377 1687 αὐτῶν.
474 1617 522 1714 ἡ
578 1614 651 1688 δὲ
699 1615 998 1715 τράπεζα
1048 1621 1167 1687 τοῦ
1219 1614 1419 1714 ἡλίου
1470 1615 1704 1714 τοιήδε
1749 1638 1848 1696 τις
1902 1614 2164 1711 λέγεται
2223 1612 2410 1685 εἶναι.

155 1737 381 1829 λειμών
422 1735 566 1808 ε’στι
601 1735 672 1808 έν
708 1736 806 1833 τῷ
851 1740 1236 1834 προαστείῳ
1273 1735 1590 1815 ἐπίπλεος
1629 1741 1838 1834 κρεῶν
1877 1733 2108 1832 ἑφθῶν
2144 1734 2415 1806 πάντων
2449 1744 2524 1807 18

155 1864 277 1926 τῶν
310 1854 776 1955 τετραπόδων·
846 1854 917 1936 ἐς
962 1857 1073 1927 τὸν
1122 1854 1239 1936 τὰς
1291 1854 1411 1949 μὲν
1460 1857 1701 1936 νύκτας
1749 1854 2271 1953 ἐπιτηδεύοντας
2317 1878 2416 1926 τι-

153 1976 324 2048 θέναι
357 1973 441 2047 τὰ
479 1975 643 2074 κρέα
679 1976 837 2056 τοὺς
873 1975 942 2047 ἐν
980 1975 1161 2048 τέλεϊ
1192 1974 1510 2055 ἑκάστους
1560 1972 1793 2055 ἐόντας
1828 1981 1962 2046 τῶν
1996 1969 2243 2057 ἀστῶν,
2295 1973 2417 2056 τὰς

153 2094 218 2166 δὲ
260 2095 529 2195 ἡμέρας
577 2095 924 2168 δαίνυσθαι
970 2098 1338 2194 προσιόντα
1385 2096 1500 2165 τὸν
1559 2094 1994 2197 βουλόμενον.
2087 2094 2291 2190 φάναι
2341 2092 2418 2166 δὲ

76 2234 122 2284 15
150 2217 291 2297 τοὺς
339 2214 747 2314 ἐπιχωρίους
797 2220 1004 2287 ταῦτα
1052 2218 1176 2314 τὴν
1237 2223 1362 2315 γῆν
1401 2215 1613 2313 αὐτὴν
1651 2213 2038 2287 ἀναδιδόναι
2074 2214 2411 2287 ἑκάστοτε.

147 2338 187 2432 ἡ
223 2334 334 2429 μὲν
372 2335 461 2434 δὴ
503 2334 798 2433 τράπεζα
832 2340 952 2406 τοῦ
989 2333 1183 2435 ἡλίου
1222 2334 1600 2434 καλεομένη
1642 2333 1907 2432 λέγεται
1958 2332 2125 2406 εἶναι
2159 2334 2412 2433 τοιήδε.
2450 2351 2523 2412 19

152 2451 482 2557 Καμβύσῃ
540 2453 615 2526 δὲ
674 2457 770 2535 ὡς
824 2453 1013 2535 ἔδοξε
1068 2454 1355 2550 πέμπειν
1411 2455 1571 2537 τοὺς
1626 2455 2117 2538 κατασκόπους,
2178 2452 2415 2527 αὐτίκα

149 2577 606 2672 μετεπέμπετο
653 2574 725 2655 ἐξ
759 2561 1260 2674 Ἐλεφαντίνης
1312 2574 1553 2658 πόλιος
1602 2583 1737 2647 τῶν
1783 2564 2255 2674 Ἰχθυοφάγων
2296 2572 2414 2646 ἀν-

145 2696 308 2794 δρῶν
358 2698 524 2777 τοὺς
576 2695 1061 2790 ἐπισταμένους
1117 2699 1238 2794 τὴν
1282 2692 1645 2768 Αἰθιοπίδα
1693 2694 2028 2793 γλῶσσαν.
2135 2694 2204 2767 ἐν
2243 2690 2304 2792 ᾧ
2341 2691 2415 2765 δὲ

62 2835 113 2885 20
144 2818 407 2897 τούτους
470 2819 829 2915 μετήισαν,
904 2814 974 2887 έν
1030 2817 1249 2912 τούτῳ
1306 2813 1573 2888 ἐκέλευε
1637 2816 1748 2887 ἐπὶ
1803 2818 1930 2914 τὴν
1998 2810 2418 2912 Καρχηδόνα

142 2935 354 3008 πλέειν
395 2938 513 3006 τὸν
550 2937 851 3008 ναυτικὸν
890 2936 1198 3033 στρατόν.
1287 2932 1590 3016 Φοίνικες
1642 2932 1717 3008 δὲ
1753 2933 1874 3006 οὐκ
1911 2933 2174 3031 ἔφασαν
2210 2936 2414 3031 ποιή-

140 3080 267 3127 σειν
322 3060 579 3128 ταῦτα·
634 3054 911 3154 ὁρκίοισι
958 3052 1084 3153 γὰρ
1138 3053 1484 3153 μεγάλοισι
1536 3053 1946 3134 ἐνδεδέσθαι,
2007 3056 2117 3124 καὶ
2165 3054 2284 3125 οὐκ
2332 3049 2412 3126 ἂν

139 3174 377 3248 ποιέειν
436 3175 596 3249 ὅσια
653 3174 761 3247 ἐπὶ
806 3176 963 3255 τοὺς
1016 3173 1263 3256 παῖδας
1316 3177 1475 3256 τοὺς
1544 3173 1813 3247 ἑωυτῶν
1874 3176 2410 3273 στρατευόμενοι.

139 3292 458 3368 Φοινίκων
500 3293 576 3366 δὲ
613 3294 695 3367 οὐ
731 3293 1162 3396 βουλομένων
1196 3296 1258 3366 οἰ
1289 3291 1514 3367 λοιποὶ
1546 3292 1668 3366 οὐκ
1701 3292 2060 3393 ἀξιόμαχοι
2093 3292 2411 3390 ἐγίνοντο.

55 3433 108 3483 ‘25
142 3410 603 3515 Καρχηδόνιοι
657 3415 778 3509 μέν
830 3439 945 3485 νυν
996 3412 1174 3485 οὕτω
1224 3413 1638 3512 δουλοσύνην
1676 3413 1987 3512 διέφυγον
2025 3413 2196 3512 πρὸς
2235 3409 2413 3510 Περ-

443 3670 559 3742 περὶ
582 3675 679 3740 τῆς
702 3663 988 3740 Καμβύσου
1013 3669 1145 3723 κατὰ
1168 3661 1321 3742 Καρχ
1360 3668 1542 3723 δονίων
1577 3669 1666 3722 καὶ
1691 3662 2002 3739 Ἀμμωνίων
2035 3667 2125 3721 καὶ
2151 3662 2415 3721 Αἰθιόπων

336 3744 602 3812 στρατείας
765 3739 879 3809 περὶ
902 3744 996 3808 τῆς
1021 3738 1302 3810 λεγομένης
1321 3689 1479 3809 ¹‘gmon
1503 3738 1758 3811 τραπέζης
1784 3737 1920 3810 παρὰ
1943 3733 2183 3807 Αἰθίοψιν

337 3966 387 4016 7.
435 3963 633 4017 Pollux
662 3963 723 4017 11
753 3966 833 4014 59.
884 3994 937 4002 -·
984 3965 1063 4016 13.
1113 3961 1440 4034 (Henychius
1464 3980 1517 4017 v.
1542 3963 1660 4022 τοὺς
1685 3962 1738 4017 ἐν
1760 3962 1913 4025 τέλεϊ)

237 4138 281 4188 1.
311 4134 659 4205 ἐβουλεύσατο
685 4136 712 4189 ό
738 4135 1007 4220 καμιβύσης
1035 4136 1092 4189 R
1138 4137 1161 4201 11
1209 4137 1257 4187 2.
1286 4136 1374 4189 καὶ
1399 4135 1500 4201 ἐπὶ]
1533 4134 1616 4188 ἐπὶ
1642 4136 1681 4190 ά
1723 4137 1746 4200 11
1793 4134 1827 4188 ἀ
1945 4134 2051 4194 ίους
2081 4136 2128 4191 C
2166 4136 2189 4200 11
2237 4137 2286 4187 6.
2316 4153 2412 4186 κα·

138 4199 322 4264 θόπτας
348 4206 586 4276 πρώτους
614 4205 671 4257 R
740 4207 763 4270 11
843 4223 883 4257 ι.
922 4224 977 4257 τε
1005 4222 1110 4257 om.
1142 4203 1199 4257 R
1268 4207 1291 4270 11
1367 4209 1416 4258 9.
1462 4229 1465 4232 ·
1529 4204 1794 4258 σιλεῖΑΒ
1848 4206 1908 4258 dc:
1989 4207 2012 4270 11
2098 4206 2175 4255 10.
2219 4202 2414 4256 αὐτέων

142 4272 215 4332 Ra
258 4277 283 4338 11
328 4273 512 4343 τοιῆδέ
535 4291 613 4332 τις
635 4277 710 4336 A,
738 4273 913 4342 τοιήδὲ
937 4292 1013 4331 τις
1039 4274 1209 4332 Bsz
1255 4276 1277 4338 11
1336 4275 1413 4327 11.
1485 4273 1710 4333 πίπλεως
1739 4273 2129 4329 Acorr.BGP‹t
2171 4275 2194 4338 11
2242 4273 2282 4325 ἐ’
2309 4271 2413 4324 θῶν

138 4341 227 4396 Bd
278 4344 302 4408 11
366 4345 453 4395 12.
495 4342 547 4402 ἐς
574 4343 629 4396 ὃν
658 4344 731 4407 R,
761 4343 814 4403 ἐς
837 4344 1001 4396 τῶνᾱ
1056 4343 1079 4407 11
1138 4342 1330 4396 τίθεται
1357 4344 1395 4396 d
1449 4345 1472 4408 11
1545 4345 1622 4396 13.
1662 4342 1797 4396 τέλει
1820 4345 1917 4398 Ad
1982 4345 2005 4410 11
2083 4345 2161 4398 14.
2204 4336 2245 4393 δ’
2399 4387 2400 4400 ,

138 4409 424 4466 δαίννυσθαι
454 4412 516 4465 dz
559 4415 582 4478 11
633 4413 713 4464 16.
754 4430 833 4465 τοι
875 4411 928 4465 δε
953 4413 1066 4468 ΑΒ
1121 4412 1144 4476 11
1206 4414 1284 4464 17.
1326 4413 1595 4482 καμβύσης
1621 4413 1678 4466 R
1736 4415 1759 4478 11
1823 4413 1902 4465 19.
1945 4414 1998 4467 ἐν
2026 4444 2052 4453 -
2079 4414 2145 4464 20
2172 4411 2413 4481 μετήισαν

139 4496 238 4532 om.
268 4479 323 4532 R
368 4483 393 4546 11
444 4482 527 4532 20.
570 4481 814 4551 μετήισαν
889 4480 1206 4534 alckenaer:
1303 4488 1463 4533 τΐσαν
1511 4485 1535 4548 11
1584 4482 1667 4535 ἐπὶ
1691 4499 1799 4536 om.
1830 4501 1856 4535 z
1915 4483 1938 4548 11
1998 4483 2078 4534 22.
2122 4480 2335 4554 όρκίοισί
2360 4499 2412 4535 τε

138 4548 336 4621 γὰρΒε
382 4553 407 4615 11
460 4549 540 4602 24.
583 4549 816 4622 ἐγένοντο
843 4550 901 4603 R
946 4553 969 4616 11
1018 4552 1101 4602 25.
1145 4500 1345 4604 &maffia
1428 4572 1470 4621 ,ν
1497 4553 1536 4605 cl
