3059 5125
1098 350 1500 410 —B—
2318 350 2435 412 165

180 528 390 604 καῦσις
423 521 601 622 ἄλλη
641 526 795 623 περὶ
831 521 1004 597 ἄλλο
1044 525 1181 624 ίρόν
1233 551 1351 622 σφι
1404 523 1811 624 κατέστηκε·
1870 528 1991 623 τὴν
2040 514 2099 598 δ’
2158 526 2252 596 ὧν
2315 549 2436 619 με-

175 647 393 741 γίστην
429 668 502 715 τε
537 644 829 738 δαίμονα
865 646 1156 742 ἥγηνται
1193 642 1366 717 εἶναι
1403 648 1513 716 καὶ
1550 649 1872 743 μεγίστην
1926 647 1988 716 οἱ
2026 645 2228 745 ὁρτὴν
2270 641 2435 717 ἀνά-

172 790 364 860 γουσι.
417 765 674 863 ταύτην
732 762 1022 864 ἔρχομαι
1076 763 1380 864 ἐρέων..
1418 824 1432 837 .
1471 823 1484 837 .
1595 764 1797 837 ἐπεὰν
1857 760 2264 863 ἀποδείρωσι
2319 767 2434 838 τὸν

169 884 336 985 βοῦν,
393 883 876 978 κατευξάμενοι
933 884 1193 984 κοιλίην
1254 881 1372 978 μὲν
1429 889 1652 984 κείνην
1702 888 1924 958 πᾶσαν
1977 884 2047 965 ἐξ
2095 883 2190 956 ὦν
2228 883 2430 968 εἷλον,

109 1022 135 1068 5
166 1003 501 1102 σπλάγχνα
540 1001 616 1074 δὲ
651 1003 858 1076 αὐτοῦ
895 1004 1198 1080 λείπουσι
1235 1003 1306 1079 ἐν
1354 1007 1455 1102 τῷ
1506 1010 1767 1100 σώματι
1820 1008 1929 1078 καὶ
1964 1008 2087 1105 τὴν
2117 1006 2431 1106 πιμελήν,

165 1124 391 1197 σκέλεα
428 1122 507 1198 δὲ
543 1122 1005 1219 ἀποτάμνουσι
1042 1128 1151 1198 καὶ
1187 1128 1313 1223 τὴν
1352 1126 1565 1223 ὀσφὺν
1604 1126 1817 1226 ἄκρην
1871 1128 1979 1198 καὶ
2013 1128 2170 1208 τοὺς
2203 1129 2436 1222 ὤμους

163 1271 225 1316 τε
278 1248 383 1318 καὶ
430 1246 545 1316 τὸν
604 1245 973 1344 τράχηλον.
1067 1251 1277 1319 ταῦτα
1328 1244 1403 1319 δὲ
1452 1249 1862 1345 ποιήσαντες
1913 1249 1990 1318 τὸ
2028 1245 2196 1320 ἄλλο
2234 1255 2436 1343 σῶμα

163 1369 264 1437 τοῦ
298 1365 458 1467 βοὸς
495 1365 835 1459 πιμπλᾶσι
870 1362 1090 1465 ἄρτων
1128 1366 1444 1466 καθαρῶν
1479 1369 1589 1439 καὶ
1625 1365 1898 1461 μέλιτος
1929 1369 2041 1439 καὶ
2071 1363 2437 1466 ἀσταφίδος

163 1489 255 1557 καὶ
288 1487 514 1559 σύκων
554 1486 662 1557 καὶ
701 1484 1079 1587 λιβανωτοῦ
1132 1488 1243 1558 καὶ
1293 1489 1600 1587 σμύρνης
1656 1488 1763 1559 καὶ
1811 1493 1942 1559 τῶν
1981 1484 2209 1559 ἄλλων
2244 1487 2432 1560 θυωο

88 1624 135 1676 ιο
165 1607 397 1700 μάτων,
460 1604 854 1704 πλήσαντες
900 1603 974 1678 δὲ
1022 1608 1279 1679 τούτων
1336 1608 1782 1705 καταγίζουσι,
1847 1606 2070 1680 ἔλαιον
2128 1607 2429 1707 ἄφθονον

162 1725 626 1823 καταχέοντες·
685 1727 1304 1824 προνηστεύσαντες
1343 1725 1417 1799 δὲ
1451 1727 1709 1811 θύουσι,
1771 1727 2144 1822 καιομένων
2185 1728 2260 1802 δὲ
2295 1737 2429 1802 τῶν

159 1849 298 1944 ίρῶν
333 1847 694 1918 τύπτονται
727 1846 995 1931 πάντες,
1055 1844 1257 1919 ἐπεὰν
1294 1846 1369 1919 δὲ
1406 1846 1900 1946 ἀποτύψωνται,
1965 1849 2162 1922 δαῖτα
2196 1855 2429 1950 προτί-

157 1965 368 2039 θενται
417 1966 509 2039 τὰ
562 1965 874 2039 ἐλίποντο
923 1975 1059 2038 τῶν
1111 1969 1296 2068 ἱρῶν.
1387 1969 1547 2049 τοὺς
1586 1967 1706 2062 μέν
1742 1993 1854 2039 νυν
1893 1967 2234 2069 καθαροὺς
2271 1969 2433 2072 βοῦς
2454 1974 2531 2035 41

161 2088 294 2167 τοὺς
343 2084 631 2187 ἔρσενας
685 2087 793 2158 καὶ
840 2088 997 2169 τοὺς
1044 2088 1343 2185 μόσχους
1392 2091 1456 2161 οἱ
1498 2088 1746 2169 πάντες
1782 2083 2131 2186 Αἰγύπτιοι
2166 2088 2423 2175 θύουσι,

87 2225 135 2273 1⁵
164 2205 260 2288 τὰς
287 2207 361 2281 δὲ
395 2204 669 2306 θηλέας
705 2205 785 2279 οὔ
821 2233 939 2305 σφι
975 2206 1191 2288 ἔξεστι
1223 2207 1431 2293 θύειν,
1475 2206 1653 2282 ἀλλὰ
1693 2210 1826 2307 ἱραί
1860 2209 1989 2281 εἰσι
2023 2217 2148 2311 τῆς
2170 2202 2382 2294 Ὶσιος
2411 2233 2424 2248 ·

163 2327 222 2397 τὸ
251 2327 375 2427 γὰρ
411 2319 783 2428 τῆςἿσιος
818 2326 1092 2425 ἄγαλμα
1131 2329 1240 2402 ἐὸν
1280 2333 1659 2429 γυναικήιον
1698 2328 2035 2430 βούκερων
2071 2329 2230 2414 ἐστι,
2262 2331 2428 2404 κατά

157 2473 266 2545 περ
287 2442 641 2546 Ἕλληνες
674 2449 798 2545 τὴν
829 2440 1009 2520 Ἰοῦν
1047 2447 1398 2548 γράφουσι,
1459 2450 1569 2521 καὶ
1621 2447 1742 2531 τὰς
1793 2447 1957 2550 βοῦς
2005 2446 2128 2530 τὰς
2168 2448 2429 2549 θηλέας

160 2560 491 2664 Αἰγύπτιοι
529 2569 777 2651 πάντες
813 2569 1066 2664 ὁμοίως
1097 2567 1408 2672 σέβονται
1439 2569 1802 2671 προβάτων
1835 2569 2104 2641 πάντων
2137 2571 2426 2665 μάλιστα

156 2691 417 2788 μακρῷ·
491 2695 630 2761 τῶν
684 2686 903 2762 εἵνεκα
959 2688 1113 2763 οὔτε
1166 2685 1339 2789 ἀνὴρ
1395 2685 1756 2788 Αἰγύπτιος
1805 2689 1960 2762 οὔτε
1995 2694 2165 2790 γυνὴ
2214 2688 2427 2790 ἄνδρα

75 2803 445 2908 ευἜλληνα
484 2808 799 2909 φιλήσειε
835 2806 914 2882 ἂν
951 2813 1055 2907 τῷ
1091 2811 1393 2904 στόματι,
1439 2808 1600 2882 οὐδὲ
1639 2814 1944 2909 μαχαίρῃ
1983 2808 2225 2910 ἀνδρὸς
2246 2804 2425 2884 ’Έλ-

156 2926 343 3027 ληνος
376 2934 715 3029 χρήσεται
751 2927 910 3001 οὐδὲ
943 2927 1239 3031 ὀβελοῖσι
1275 2928 1437 3003 οὐδὲ
1474 2929 1735 3031 λέβητι,
1768 2928 1925 3002 οὐδὲ
1961 2931 2176 3030 κρέως
2210 2930 2424 3005 καθα-

157 3053 259 3144 ροῦ
296 3048 459 3149 βοὸς
511 3048 1049 3149 διατετμημένου
1073 3041 1454 3150 Ἑλληνικῇ
1515 3054 1817 3150 μαχαίρῃ
1871 3052 2200 3149 γεύσεται.
2292 3050 2423 3125 θά-

156 3193 369 3242 πτουσι
408 3167 486 3241 δὲ
519 3171 679 3250 τοὺς
712 3167 1266 3269 ἀποθνήσκοντας
1316 3170 1480 3273 βοῦς
1514 3173 1762 3269 τρόπον
1798 3171 2013 3243 τόνδε.
2126 3170 2248 3252 τὰς
2298 3170 2420 3266 μὲν

159 3286 402 3386 θηλέας
451 3288 525 3371 ἐς
577 3293 692 3362 τὸν
737 3291 1043 3383 ποταμὸν
1100 3286 1368 3375 ἀπιεῖσι,
1429 3291 1589 3371 τοὺς
1641 3287 1717 3361 δὲ
1764 3289 2045 3388 ἔρσενας
2095 3293 2423 3390 κατορύσ-

77 3426 128 3475 25
158 3433 333 3481 σουσι
367 3408 643 3483 ἕκαστοι
680 3409 751 3482 ἐν
789 3414 961 3483 τοῖσι
997 3414 1474 3509 προαστείοισι,
1516 3413 1592 3482 τὸ
1626 3410 1827 3509 κέρας
1860 3413 1936 3482 τὸ
1969 3409 2196 3511 ἕτερον
2231 3411 2278 3510 ἢ
2314 3413 2425 3483 καὶ

345 3668 395 3720 9.
434 3666 721 3738 λιβανωτοῦ
748 3697 778 3708 -
800 3665 1090 3736 θυωμάτων
1114 3665 1351 3721 Thomas
1376 3665 1455 3720 Μ.
1493 3684 1546 3738 p.
1581 3669 1698 3720 183.
1760 3696 1830 3706 -
1892 3669 1973 3721 12.
2020 3666 2347 3739 (Hesychius
2372 3685 2420 3721 v.

247 3734 643 3807 ἀποτύψωνται).
686 3765 750 3776 —-
796 3736 875 3788 13.
914 3736 1034 3796 τοὺς
1061 3735 1155 3805 μὲν
1180 3765 1209 3776 -
1237 3737 1298 3787 17
1327 3736 1577 3808 γράφουσι
1600 3735 1981 3807 Athenagoras
2007 3736 2173 3807 legat.
2206 3738 2271 3789 24

256 3908 297 3959 1.
327 3910 416 3973 ὧν]
449 3911 520 3968 ὡς
543 3908 642 3962 Ra
675 3911 702 3973 R
743 3910 792 3961 2.
822 3906 1055 3981 ἥγηνται]
1083 3908 1226 3980 ἄγειν
1249 3927 1304 3962 τε
1335 3910 1385 3965 0
1409 3911 1432 3975 ΙΙ
1468 3909 1495 3964 ὁ
1649 3908 1828 3981 ἄγουσι
1851 3909 2015 3982 ταύτη
2046 3909 2095 3963 0
2129 3912 2152 3975 ΙΙ
2196 3912 2244 3962 3.
2275 3909 2420 3964 lacu-

162 3990 270 4028 nam
293 3976 526 4032 indicavi
584 3978 608 4043 ΙΙ
665 3978 818 4032 ἐπεὰν
842 3978 1147 4049 ἀποδείρωσι
1169 3980 1257 4032 τὸν
1282 3978 1403 4048 βοῦν
1426 3998 1581 4032 κατευ
1648 3997 1790 4048 μενοι
1811 3979 1975 4034 ABG
1988 3999 2002 4033 ε
2031 3979 2162 4049 ἐπὴν
2187 3997 2423 4102 {fotmu-

163 4043 381 4098 πεύσωσι
402 4053 541 4117 τῆισι
562 4048 654 4100 καὶ
678 4048 808 4118 ἐπὴν
831 4046 1172 4110 κατεύξωνται
1197 4047 1378 4102 θύουσι
1400 4049 1488 4103 τὸν
1513 4048 1654 4119 βοῦν.
1694 4048 1783 4102 καὶ
1806 4047 2161 4120 ἀποδείραντες
2241 4088 2254 4114 ,
2288 4056 2422 4102 1tem

161 4111 257 4167 sere
277 4112 334 4166 R
355 4116 452 4179 (ἐπ’
474 4116 539 4187 ἣν
559 4144 632 4155 —-
652 4121 773 4186 τῆσῖ
795 4147 863 4157 -
889 4110 968 4170 ἐπ’
991 4117 1057 4187 ἢν
1084 4145 1146 4157 -
1171 4117 1262 4171 τὰν
1287 4117 1412 4188 βῶν)
1441 4119 1479 4171 d
1516 4122 1651 4187 (τῆσι
1676 4147 1708 4158 -
1729 4119 1822 4172 τὰν
1845 4118 1965 4187 βῶν)
2007 4136 2035 4171 z
2076 4118 2186 4188 (τὴν
2213 4118 2333 4189 βῶν)
2398 4123 2421 4185 Ι]

162 4180 464 4255 ἀποδείρωσι
492 4187 540 4241 0
579 4187 603 4251 fl
657 4189 704 4238 4.
748 4187 895 4249 ἐξῶν
919 4185 1029 4251 Ra,
1059 4186 1157 4249 ἔξω
1181 4204 1208 4239 z
1266 4189 1288 4253 ΙΙ
1350 4190 1400 4240 6.
1441 4187 1601 4259 ὀσφῦν
1625 4187 1791 4241 ΑΒΡ
1829 4190 1852 4253 11
1899 4189 1950 4241 8.
1988 4186 2215 4258 καθαρὸν
2245 4187 2343 4242 CR
2398 4190 2422 4254 n

163 4251 277 4305 ἀπό
333 4254 419 4314 ῦος
449 4255 499 4309 0
534 4257 558 4320 n
610 4256 690 4308 10.
732 4255 872 4309 ἔλεον
901 4256 952 4309 0
990 4257 1013 4321 ΙΙ
1077 4257 1155 4307 11.
1195 4257 1537 4328 καταχέαντες
1562 4255 1657 4309 Ra
1709 4260 1731 4324 ΙΙ
1793 4258 1873 4310 12.
1914 4255 2341 4328 ἀποτύψονταιῙί
2398 4260 2420 4323 Ι]

170 4321 241 4370 13.
333 4329 392 4382 ὃς
413 4324 535 4383 τοὺς
559 4324 771 4396 ἄρσενας
793 4325 863 4378 R.
897 4323 1125 4391 Athen„
1155 4325 1183 4378 ἔ
1214 4342 1358 4384 σενας
1378 4334 1482 4379 τῶν
1507 4326 1641 4396 βοῶν
1664 4344 1692 4379 z
1767 4328 1789 4391 ΙΙ
1876 4327 1955 4379 16.
1994 4326 2054 4379 τὸ
2076 4326 2173 4397 γὰρ
2197 4335 2254 4380 et
2268 4317 2421 4387 Ἴσιος

167 4391 489 4473 03113Athen.
550 4396 574 4459 ΙΙ
651 4394 726 4445 17.
769 4387 963 4448 wrm
1057 4413 1082 4453 ς
1108 4395 1182 4448 At
1224 4412 1311 4448 en.
1376 4397 1399 4460 ΙΙ
1454 4388 1601 4459 Ἰοῦν]
1624 4394 1754 4481 βοῦν
1787 4393 1835 4447 Ο
1885 4397 1908 4461 ΙΙ
1970 4397 2051 4446 19.
2093 4393 2209 4447 οὔτε
2231 4397 2420 4450 AB&

169 4475 248 4510 απ
300 4463 323 4526 fl
367 4463 450 4514 20.
492 4461 748 4533 φιλήσειεν
772 4464 938 4518 ABG
977 4466 987 4528 Ι
1048 4465 1129 4517 21.
1172 4464 1290 4517 οὐδὲ
1314 4464 1505 4519 ABG:
1533 4464 1623 4517 οὐδ
1691 4467 1712 4530 ΙΙ
1774 4466 1858 4518 22.
1898 4464 2144 4537 γεύσεται]
2173 4465 2421 4537 χρήσεται

169 4524 253 4580 Rei
290 4531 313 4595 Ι
358 4531 439 4582 23.
477 4531 723 4584 *eom-1⁶22
766 4535 789 4597 ΙΙ
835 4535 920 4586 24.
961 4532 1137 4587 ἀπιᾶσι
1161 4535 1213 4588 1,
1259 4535 1282 4600 ΙΙ
1326 4534 1539 4606 ἄρσενας
1564 4532 1664 4602 122-
