3059 5125
1084 361 1483 426 -Θ-
2294 362 2419 425 319

295 532 441 607 Τῶν
497 536 569 609 δὲ
623 535 692 608 ἐν
733 533 1066 629 Σαλαμῖνι
1120 544 1516 634 στρατηγῶν
1567 536 1821 633 ἐγίνετο
1858 535 2165 627 ὠθισμὸς
2202 533 2420 630 λόγων
2452 539 2535 603 78

135 654 424 734 πολλός·
535 655 787 753 ἤδεσαν
839 652 912 725 δὲ
979 654 1158 727 οὔκω
1216 656 1318 727 ὅτι
1386 657 1601 752 σφέας
1654 653 2198 753 περιεκυκλεῦντο
2262 655 2421 751 τῇσι

135 776 337 871 νηυσὶ
391 775 455 845 οἱ
503 773 868 874 βάρβαροι,
928 761 1081 845 ἀλλ’
1145 777 1375 874 ῶσπερ
1425 784 1551 875 τῆς
1593 775 1864 872 ἡμέρης
1918 775 2115 869 ὥρων
2173 771 2422 851 αὐτοὺς

135 892 615 988 τεταγμένους,
679 892 944 965 ἐδόκεον
999 893 1166 965 κατὰ
1215 898 1452 991 χώρην
1506 892 1694 966 εἶναι.
1785 894 2284 989 συνεστηκότων
2346 887 2421 961 δὲ
2450 892 2533 954 79

80 1023 107 1070 5
138 1019 270 1083 τῶν
311 1019 747 1111 στρατηγῶν,
803 1011 872 1092 ἐξ
910 1007 1192 1109 Αἰγίνης
1228 1011 1421 1112 διέβη
1455 1006 1890 1110 Ἀριστείδης
1927 1012 1962 1081 δ
1999 1010 2416 1105 Λυσιμάχου,

140 1128 312 1228 ἀνὴρ
353 1119 737 1228 Ἀθηναῖος
801 1128 923 1223 μὲν
992 1129 1600 1228 ἐξωστρακισμένος
1666 1129 1741 1201 δὲ
1796 1129 1923 1201 ὑπὸ
1975 1134 2094 1201 τοῦ
2160 1128 2414 1226 δήμου·

137 1252 245 1321 τὸν
283 1249 419 1346 ἐγὼ
454 1251 806 1341 νενόμικα,
859 1247 1358 1343 πυνθανόμενος
1414 1249 1622 1321 αὐτοῦ
1662 1250 1775 1319 τὸν
1810 1251 2092 1345 τρόπον,
2148 1246 2416 1347 ἄριστον

141 1367 347 1465 ἄνδρα
391 1366 709 1464 γενέσθαι
777 1366 846 1439 ἐν
887 1357 1241 1465 Ἀθήνῃσι
1292 1371 1401 1440 καὶ
1453 1367 1887 1439 δικαιότατον.
1983 1367 2179 1447 οὗτος
2230 1369 2418 1465 ὡνὴρ

143 1487 300 1566 στὰς
359 1486 469 1558 ἐπὶ
529 1490 607 1559 τὸ
658 1485 996 1583 συνέδριον
1056 1485 1442 1566 ἐξεκαλέετο
1494 1483 1987 1580 Θεμιστοκλέα,
2041 1485 2233 1558 ἐόντα
2293 1485 2416 1578 μὲν

82 1617 111 1665 ⁰
144 1607 373 1700 ἑωυτῷ
419 1603 501 1674 οὐ
561 1603 753 1700 φίλον
810 1604 1055 1702 ἐχθρὸν
1116 1604 1190 1675 δὲ
1238 1604 1320 1676 τὰ
1369 1606 1701 1698 μάλιστα·
1778 1604 1906 1675 ὑπὸ
1958 1602 2031 1676 δέ
2084 1602 2420 1700 μεγάθεος

142 1731 269 1794 τῶν
303 1724 693 1821 παρεόντων
744 1731 961 1794 κακῶν
1001 1723 1230 1821 λήθην
1268 1723 1541 1795 ἐκείνων
1579 1725 1978 1817 ποιεύμενος
2009 1722 2418 1810 ἐξεκαλέετο,

142 1842 358 1914 θέλων
411 1843 601 1938 αὐτῷ
654 1842 994 1936 συμμῖξαι.
1085 1846 1510 1941 προακηκόεε
1549 1841 1625 1914 δὲ
1663 1842 1762 1914 ὅτι
1800 1840 2148 1914 σπεύδοιεν
2186 1842 2247 1910 οί
2285 1839 2418 1913 ἀπὸ

148 1959 671 2057 Πελοποννήσου
725 1958 992 2057 ἀνάγειν
1040 1960 1162 2041 τὰς
1219 1961 1376 2042 νέας
1421 1964 1591 2058 πρὸς
1642 1962 1754 2032 τὸν
1800 1951 2103 2052 Ἰσθμόν.
2198 1963 2293 2038 ὡς
2344 1957 2419 2031 δὲ

147 2078 381 2177 ἐξῆλθέ
438 2081 502 2150 οἰ
553 2076 1089 2176 Θεμιστοκλέης,
1152 2078 1344 2176 ἔλεγε
1405 2073 1841 2178 Ἀριστείδης
1901 2078 2077 2151 τάδε.
2147 2064 2422 2176 αἡμέας

80 2211 115 2260 2⁵
147 2197 519 2279 στασιάζειν
575 2201 774 2296 χρεόν
830 2197 969 2270 ἐστι
1017 2197 1089 2268 ἔν
1145 2224 1219 2271 τε
1272 2202 1371 2296 τῷ
1415 2198 1604 2294 ἄλλῳ
1652 2200 1867 2296 καιρῷ
1909 2201 2017 2269 καὶ
2073 2198 2158 2293 δὴ
2200 2201 2309 2268 καὶ
2348 2197 2418 2269 ἐν

148 2316 315 2411 τῷδε
362 2319 520 2415 περὶ
578 2322 699 2387 τοῦ
768 2318 1077 2415 ὁκότερος
1132 2315 1368 2414 ἡμέων
1435 2318 1625 2388 πλέω
1677 2314 1902 2413 ἀγαθὰ
1962 2318 2084 2413 τὴν
2133 2317 2421 2413 πατρίδα

150 2433 508 2530 ἐργάσεται.
594 2433 772 2532 λέγω
824 2435 898 2507 δέ
932 2460 1037 2505 τοι
1069 2435 1172 2507 ὅτι
1207 2437 1350 2508 ἴσον
1390 2435 1528 2507 ἐστὶ
1564 2434 1786 2506 πολλά
1820 2460 1890 2506 τε
1928 2438 2036 2507 καὶ
2073 2434 2264 2532 ὀλίγα
2303 2434 2419 2505 λέ-

148 2577 273 2648 γειν
318 2555 476 2651 περὶ
522 2550 866 2626 ἀποπλόου
915 2559 1036 2626 τοῦ
1075 2554 1380 2627 ἐνθεῦτεν
1423 2551 2047 2652 Πελοποννησίοισι.
2124 2554 2259 2649 ἐγὼ
2296 2551 2420 2652 γὰρ

154 2669 484 2769 αὐτόπτης
517 2698 624 2744 τοι
663 2672 843 2770 λέγω
879 2677 1239 2769 γενόμενος
1274 2673 1378 2743 ὅτι
1413 2679 1528 2744 νῦν
1571 2662 1716 2745 οὐδ’
1761 2673 1848 2770 ἢν
1881 2672 2138 2744 θέλωσι
2171 2670 2420 2770 Κορίν-

81 2799 125 2850 Ιθ
152 2790 276 2860 θιοί
306 2816 380 2862 τε
418 2794 530 2862 καὶ
566 2791 765 2870 αὐτὸς
802 2786 1235 2892 Εὐρυβιάδης
1273 2788 1407 2863 οἷοί
1442 2817 1514 2864 τε
1552 2790 1817 2864 ἔσονται
1854 2790 2223 2863 ἐκπλῶσαι·
2295 2817 2419 2862 πε-

156 2910 510 3006 ριεχόμεθα
544 2907 673 3006 γὰρ
713 2907 840 2979 ὑπὸ
874 2916 1008 2980 τῶν
1045 2910 1391 3003 πολεμίων
1428 2909 1673 3005 κύκλῳ.
1764 2898 1915 2980 ἀλλ’
1963 2908 2262 2981 ἐσελθών
2302 2935 2421 3005 σφι

155 3031 350 3098 ταῦτα
397 3016 770 3126 σήμηνον.”
868 3028 903 3098 δ
956 3018 1015 3099 δ’
1062 3027 1375 3129 ἀμείβετο
1413 3028 1682 3100 τοῖσιδε.
1748 3014 2011 3126 “κάρτα
2047 3053 2116 3098 τε
2153 3025 2421 3125 χρηστὰ
2454 3027 2535 3090 80

158 3143 551 3219 διακελεύεαι
599 3148 708 3216 καὶ
757 3147 831 3218 εὖ
862 3147 1219 3246 ἤγγειλας·
1294 3146 1376 3218 τὰ
1410 3141 1546 3243 γὰρ
1577 3145 1713 3244 ἐγὼ
1751 3145 2043 3242 ἐδεόμην
2083 3145 2418 3242 γενέσθαι,

160 3262 342 3345 αὐτὸς
377 3263 726 3361 αὐτόπτης
759 3268 1122 3363 γενόμενος
1156 3268 1360 3364 ἥκεις.
1438 3264 1578 3336 ἴσθι
1629 3264 1756 3363 γὰρ
1812 3264 1880 3344 ἐξ
1931 3263 2094 3358 ἐμέο
2145 3264 2230 3336 τὰ
2264 3291 2419 3337 ποι-

85 3390 132 3442 25
160 3383 384 3474 εύμενα
443 3383 572 3454 ὑπὸ
624 3378 922 3481 Μήδων·
998 3383 1146 3455 ἔδεε
1179 3383 1340 3480 γάρ,
1394 3383 1507 3454 ὅτε
1560 3382 1683 3453 οὐκ
1740 3382 2002 3463 ἑκόντες
2045 3382 2297 3481 ἤθελον
2352 3383 2424 3464 ές

164 3498 373 3598 μάχην
426 3501 866 3573 κατίστασθαι
915 3503 977 3572 οἱ
1015 3489 1403 3600 Ἕλληνες,
1456 3499 1776 3580 ἀέκοντας
1827 3501 2417 3599 παραστήσασθαι.

165 3617 236 3687 σὺ
280 3618 349 3691 δὲ
397 3619 544 3692 ἐπεί
593 3644 720 3717 περ
765 3622 952 3719 ἥκεις
986 3618 1254 3718 χρηστὰ
1291 3618 1759 3717 ἀπαγγέλλων,
1800 3617 2003 3700 αὐτός
2039 3645 2156 3715 σφι
2195 3617 2421 3716 ἄγγει-

450 3856 566 3926 περὶ
589 3853 899 3926 Ἀριστείδου
923 3862 1014 3910 τοῦ
1042 3855 1237 3910 δικαίου
1262 3857 1350 3909 καὶ
1375 3862 1479 3908 τῶν
1505 3856 1631 3925 πρὸς
1649 3852 2306 3925 Θεμιστοκλέαλεχθέντων

170 4145 772 4267 Ἃιλθ1.θιὶιθ·ιγιιμ.ὸς.Ρ11
845 4148 895 4200 2.
936 4146 1356 4230 περιεκυκλέοοντ
1393 4148 1563 4209 Am,
1607 4163 1793 4284 πεὸεικυ
1764 4144 2005 4197 υκλέοντο
2048 4143 2131 4277 0ss
2184 4161 2424 4213 περυ-ιεκ

173 4229 363 4350 αιηυιῗεῖ
382 4214 1096 4475 ΡῖιῃιιῗσειΡέρῗᾷιῗιῖιῖόῃὲ
1126 4209 1618 4364 σῑιωῬ.1ἶι’ῆ-ιιιι1ςῗ
1699 4285 1721 4347 ιι
1726 4230 1888 4333 ⁸²²⁶ss
1873 4212 2131 4350 λέεμεῃ
2045 4279 2215 4334 mxx
2184 4161 2278 4264 ηρ
2257 4229 2425 4338 ςπρο
2250 4280 2426 4488 {Qu

925 4370 1040 4406 τεο

845 4355 868 4418 ιι
1229 4355 1252 4418 ιι
1316 4355 1394 4405 16.
1433 4370 1627 4426 vum-c
1596 4351 1778 4421 τριι6
1906 4352 1986 4401 17,
2005 4301 2054 4401 ὲ

225 4419 999 4490 ιοω.9ιηῖσονάῃ22.τ
1030 4370 1247 4474 ’ωιδεῑν
1345 4421 1456 4474 ἴσδε
1514 4423 1538 4486 ΙΙ
1598 4350 2250 4484 25.ιθελιον1>ιὶἶγά26ητ

363 4508 414 4541 αι
