3059 5125
1104 360 1518 420 —H—
2338 363 2452 423 ¹67

207 537 587 632 μακαριστὸν
642 534 813 606 εἶναι
854 537 1021 633 πρὸς
1056 533 1323 606 πάντων
1365 530 1768 631 ἀνθρώπων.
1845 532 1991 604 ἐπεὶ
2029 531 2104 604 δέ
2140 534 2450 631 δαιμονίη

203 679 290 734 τις
324 657 563 749 γίνεται
599 655 817 752 ὁρμή,
870 657 978 725 καὶ
1013 649 1402 752 Ἕλληνας,
1456 656 1552 734 ὡς
1588 651 1760 741 οἶκε,
1816 652 2041 750 φθορή
2100 679 2198 734 τις
2247 678 2451 725 κατα-

201 772 508 872 λαμβάνει
554 772 929 870 θεήλατος,
988 774 1125 871 ἐγὼ
1182 771 1299 867 μὲν
1355 776 1465 844 καὶ
1527 772 1729 852 αὐτὸς
1777 772 2117 868 τράπομαι
2168 776 2276 845 καὶ
2328 776 2450 870 τὴν

201 896 457 988 γνώμην
498 894 975 986 μετατίθεμαι,
1023 896 1102 966 σὺ
1143 890 1217 963 δὲ
1252 896 1563 990 σήμηνον
1603 890 1722 986 μὲν
1765 891 2070 991 Πέρσῃσι
2105 893 2190 965 τὰ
2226 892 2300 964 ἐκ
2333 898 2454 963 τοῦ

145 1032 169 1077 5
200 1014 348 1083 θεοῦ
397 1015 835 1106 πεμπόμενα,
881 1013 1176 1113 χρᾶσθαι
1214 1011 1287 1084 δὲ
1333 1010 1564 1083 κέλευε
1615 1017 1784 1085 τοῖσι
1836 1012 1910 1084 ἐκ
1962 1012 2081 1084 σέο
2130 1018 2451 1111 πρώτοισι

199 1131 731 1229 προειρημένοισι
768 1132 841 1214 ἐς
875 1136 997 1230 τὴν
1053 1136 1517 1231 παρασκευήν,
1573 1137 1759 1205 ποίεε
1797 1130 1873 1203 δέ
1911 1130 2089 1202 οῦτω
2127 1132 2300 1212 ὅκως
2336 1138 2452 1203 τοῦ

202 1252 344 1322 θεοῦ
394 1252 877 1350 παραδιδόντος
927 1260 1060 1323 τῶν
1111 1259 1249 1325 σῶν
1307 1252 1615 1348 ἐνδεήσει
1680 1241 1953 1348 μηδέν.”
2061 1252 2314 1322 τούτων
2377 1249 2452 1322 δέ

200 1371 582 1467 λεχθέντων,
622 1370 916 1443 ἐνθαῦτα
954 1371 1392 1470 ἐπαερθέντες
1440 1375 1525 1470 τῇ
1568 1371 1714 1469 ὄψι,
1771 1376 1866 1452 ὡς
1916 1370 2142 1470 ἡμέρη
2185 1369 2451 1467 ἐγένετο

198 1490 483 1587 τάχιστα,
521 1489 778 1588 Ξέρξης
813 1516 885 1562 τε
937 1490 1368 1588 ὑπερετίθετο
1419 1497 1627 1562 ταῦτα
1681 1489 1985 1590 Πέρσῃσι
2057 1493 2164 1561 καὶ
2193 1483 2446 1589 Ἀρτά-

122 1623 169 1671 ¹⁰
200 1608 416 1708 βανος,
475 1611 546 1690 ὃς
580 1614 901 1709 πρότερον
941 1609 1384 1682 ἀποσπεύδων
1427 1617 1679 1704 μοῦνος
1716 1611 2059 1707 ἐφαίνετο,
2115 1613 2264 1681 τότε
2300 1608 2446 1680 ἐπι-

197 1731 484 1801 σπεύδων
523 1733 811 1828 φανερὸς
845 1732 955 1828 ἧν.

320 1843 738 1948 Ὅρμημένῳ
793 1847 868 1920 δὲ
914 1847 1133 1947 Ξέρξῃ
1192 1850 1712 1948 στρατηλατέειν
1771 1850 1938 1944 μετὰ
1988 1855 2203 1921 ταῦτα
2256 1855 2443 1948 τρίτη
2489 1858 2564 1918 19

197 1966 329 2063 ὄψις
362 1968 428 2039 ἐν
471 1970 566 2066 τῷ
605 1967 794 2064 ὕπνῳ
830 1969 1125 2066 ἐγένετο,
1173 1973 1295 2067 τὴν
1348 1972 1409 2041 οί
1450 1966 1676 2067 Μάγοι
1732 1969 1993 2068 ἔκριναν
2044 1967 2450 2048 ἀκούσαντες

197 2086 400 2183 φέρειν
446 2113 517 2159 τε
576 2089 685 2159 ἐπὶ
736 2092 960 2160 πᾶσαν
1009 2097 1136 2188 γῆν
1198 2089 1582 2162 δουλεύσειν
1637 2090 1712 2161 τέ
1759 2092 1819 2161 οί
1868 2089 2129 2171 πάντας
2181 2086 2447 2187 ἀνθρώ-

122 2222 168 2270 15
196 2232 363 2287 πους.
451 2209 497 2305 ἡ
550 2207 623 2279 δέ
673 2207 822 2304 ὄψις
869 2210 952 2306 ήν
1010 2207 1156 2306 ἥδε.
1246 2208 1468 2281 ἐδόκεε
1534 2212 1568 2280 ὸ
1616 2208 1875 2309 Ξέρξης
1938 2208 2449 2304 ἐστεφανῶσθαι

197 2326 414 2423 ἐλαίης
448 2326 720 2422 θαλλῷ,
776 2325 909 2398 ἀπὸ
959 2326 1037 2399 δὲ
1088 2337 1213 2427 τῆς
1270 2328 1512 2426 ἐλαίης
1549 2332 1705 2410 τοὺς
1743 2327 2026 2407 κλάδους
2061 2336 2185 2426 γῆν
2222 2332 2444 2399 πᾶσαν

198 2444 502 2543 ἐπισχεῖν,
556 2443 722 2538 μετὰ
772 2445 846 2518 δὲ
896 2444 1352 2547 ἀφανισθῆναι
1387 2451 1540 2546 περὶ
1572 2450 1655 2546 τῇ
1694 2446 1959 2545 κεφαλῇ
2001 2452 2298 2541 κείμενον
2338 2453 2447 2518 τὸν

197 2565 521 2660 στέφανον.
595 2564 955 2664 κρινάντων
994 2565 1067 2638 δὲ
1100 2574 1307 2639 ταῦτα
1354 2574 1485 2639 τῶν
1528 2563 1811 2664 Μάγων,
1855 2566 2171 2664 Περσέων
2208 2591 2280 2638 τε
2315 2574 2448 2637 τῶν

94 2769 95 2774 ¹
197 2683 678 2781 συλλεχθέντων
736 2685 971 2756 αὐτίκα
1024 2691 1159 2768 πᾶς
1208 2684 1381 2785 ἀνὴρ
1439 2687 1510 2766 ἐς
1565 2690 1686 2785 τὴν
1742 2685 1959 2785 ἀρχὴν
2016 2687 2137 2784 τὴν
2192 2687 2447 2757 ἑωυτοῦ

118 2817 169 2867 20
199 2798 515 2885 ἀπελάσας
567 2802 710 2901 εἶχε
756 2804 1141 2904 προθυμίην
1199 2810 1419 2879 πᾶσαν
1476 2805 1586 2879 ἐπὶ
1640 2809 1811 2879 τοῖσι
1850 2806 2288 2904 εἰρημένοισι,
2327 2805 2446 2875 θέ-

200 2919 317 2992 λων
350 2923 546 3005 αύτὸς
582 2922 866 3004 ἕκαστος
900 2923 983 2995 τὰ
1017 2930 1423 3021 προκείμενα
1462 2926 1647 3023 δῶρα
1700 2926 1928 3025 λαβεῖν
1953 2984 1970 3014 ,
2024 2926 2133 2995 καὶ
2190 2922 2450 3021 Ξέρξης

198 3046 297 3110 τοῦ
332 3048 610 3141 στρατοῦ
648 3042 826 3114 οὕτω
864 3043 1214 3142 ἐπάγερσιν
1246 3044 1582 3133 ποιέεται,
1641 3054 1865 3142 χῶρον
1900 3045 2119 3116 πάντα
2159 3043 2443 3140 ἐρευνῶν

197 3167 304 3258 τῆς
334 3162 631 3259 ήπείρου.
730 3159 863 3235 ἀπὸ
919 3160 1044 3261 γὰρ
1100 3160 1439 3259 Αἰγύπτου
1497 3164 1790 3244 ἁλώσιος
1843 3164 1953 3235 ἐπὶ
2005 3161 2124 3256 μὲν
2162 3160 2447 3259 τέσσερα
2481 3169 2561 3229 2⁴)

201 3275 335 3350 ἔτεα
380 3281 644 3380 πλήρεα
698 3284 1113 3380 παραρτέετο
1164 3287 1483 3381 στρατιήν
1534 3309 1606 3355 τε
1658 3286 1766 3354 καὶ
1822 3282 1904 3355 τὰ
1955 3285 2310 3382 πρόσφορα
2358 3281 2442 3378 τῇ

121 3409 171 3458 25
201 3403 486 3497 στρατιῇ,
539 3402 829 3496 πέμπτῳ
886 3402 959 3472 δε
1012 3399 1148 3474 ἔτεϊ
1203 3399 1509 3499 ἀνομένῳ
1559 3401 2049 3500 ἐστρατηλάτεε
2099 3404 2272 3497 χειρὶ
2324 3425 2443 3493 με-

200 3516 355 3615 γάλη
392 3520 710 3616 πλήθεος.
789 3519 1048 3592 στόλων
1104 3517 1229 3618 γὰρ
1266 3527 1397 3590 τῶν
1452 3522 1651 3618 ἡμεῖς
1687 3522 1871 3615 ἴδμεν
1907 3520 2150 3616 πολλῷ
2196 3518 2279 3617 δὴ
2322 3518 2441 3612 μέ-

383 3826 433 3878 ὀν
465 3760 656 3843 ’γνώμη
693 3757 807 3828 περὶ
840 3762 931 3811 τοῦ
958 3757 1161 3817 πάντως
1198 3763 1491 3827 στρατεῦσαι
1529 3758 1612 3811 ἐπὶ
1650 3760 1744 3828 τὴν
1782 3752 2007 3811 Ἑλλάδα
2047 3758 2132 3810 καὶ
2163 3756 2306 3827 τρίτη
2333 3755 2447 3827 ὄψις

438 3845 568 3897 ειρου

290 4029 331 4079 2.
361 4030 487 4083 ἔοικε
514 4034 562 4086 J,
596 4035 618 4096 11
653 4032 1032 4102 καταλαμβάνει
1057 4049 1131 4088 τις
1158 4033 1328 4102 φθορὴ
1356 4032 1551 4087 ABCd
1594 4035 1615 4097 ΙΙ
1664 4037 1711 4083 3.
1742 4033 2014 4100 τράπωμαι
2040 4032 2077 4083 d
2120 4035 2142 4094 ΙΙ
2189 4033 2236 4081 4.
2269 4031 2327 4081 σὺ
2354 4032 2447 4100 μὲν

206 4095 403 4167 σήμηνον
428 4102 653 4170 πέρσηισι
685 4103 729 4154 O
760 4105 783 4165 ῃ
834 4105 879 4151 5.
925 4101 1226 4168 πεμπόμενα
1252 4132 1281 4141 -
1308 4105 1332 4150 7
1366 4105 1485 4154 θεοῦ
1511 4120 1618 4153 om.
1655 4103 1708 4154 R
1745 4103 1767 4164 ΙΙ
1804 4102 2120 4170 πεποιημένα
2152 4102 2197 4150 0
2242 4102 2264 4163 ΙΙ
2311 4106 2449 4171 γρῆ-

208 4165 304 4216 σθαι
326 4168 392 4219 Ρι
421 4174 442 4234 11
478 4175 524 4220 6.
546 4170 708 4227 οὕτως
734 4170 785 4221 1²
825 4173 847 4232 ΙΙ
897 4175 943 4220 ῖ.
971 4170 1077 4220 ἐνόε
1123 4187 1196 4222 σει
1212 4172 1347 4223 PR:
1372 4171 1587 4241 ἐνδεήπη
1626 4174 1648 4234 ΙΙ
1681 4170 1899 4221 τουτέων
1924 4187 1950 4220 z
1986 4172 2008 4233 ΙΙ
2049 4169 2104 4220 δὲ
2129 4187 2233 4221 om.
2257 4162 2386 4221 PR:
2430 4170 2452 4240 ΙΙ

208 4231 246 4281 S·
282 4233 565 4303 ἐπαρθέντες
594 4239 641 4289 L
701 4242 722 4302 ΙΙ
773 4237 860 4309 ὄψι
887 4241 1026 4291 AB:
1067 4238 1180 4308 ὄψει
1240 4242 1263 4303 ΙΙ
1322 4245 1368 4287 9.
1412 4239 1642 4292 ῦπετίθεε
1673 4240 1726 4290 R
1771 4241 1793 4302 ΙΙ
1852 4241 1928 4290 12.
1984 4239 2282 4307 ὁρμημένωι
2316 4240 2441 4300 AB,

210 4299 452 4372 ὁρμημένῳ
478 4310 568 4360 11⁸2
595 4308 888 4378 ὡρμημένῳ
926 4310 948 4372 ΙΙ
990 4308 1270 4376 στρατεύειν
1300 4310 1353 4360 R
1388 4312 1409 4370 ΙΙ
1453 4310 1531 4360 14.
1564 4308 1819 4361 δουλεύειν
1849 4308 1927 4361 Cd
1971 4311 1992 4371 ΙΙ
2051 4311 2123 4358 15.
2155 4308 2248 4376 ήὸε
2274 4311 2386 4362 ΑΒ
2430 4307 2450 4375 ΙΙ

215 4369 278 4420 16.
296 4375 441 4427 θαλιῐιι
460 4380 506 4430 (¹
534 4378 555 4440 ΙΙ
596 4384 760 4429 πᾶσαν
776 4394 880 4428 om.
905 4377 954 4427 H
978 4381 1000 4441 11
1030 4378 1107 4427 18.
1128 4376 1284 4450 ταύτῃ
1308 4377 1377 4427 le:
1417 4381 1437 4441 ΙΙ
1484 4382 1557 4430 19.
1583 4377 1960 4447 Ξυλλεχθέντιυν
1982 4379 2083 4430 cd:
2118 4381 2139 4439 ΙΙ
2177 4379 2259 4430 20.
2285 4377 2448 4429 πελά-

211 4453 284 4496 0‘1:
311 4447 349 4490 (s
388 4449 409 4508 ΙΙ
453 4445 822 4514 άνειρημένοισι
845 4463 903 4513 q:
950 4448 972 4509 ΙΙ
1022 4447 1101 4496 22.
1136 4446 1295 4503 οὕτως
1330 4448 1381 4498 R
1428 4451 1448 4510 ΙΙ
1493 4447 1749 4516 ἐπέγερσιν
1778 4448 1814 4498 d
1859 4449 1880 4509 ΙΙ
1930 4450 2010 4496 222.
2041 4446 2256 4513 τέσσαρα
2285 4449 2396 4500 ΑΒ
2430 4446 2449 4512 ΙΙ

214 4506 585 4585 &imapum-kero
620 4516 674 4566 R
710 4517 732 4578 u
769 4517 849 4565 25.
872 4517 1088 4569 ἐτει.1Β
1124 4519 1145 4580 ΙΙ
1180 4517 1461 4586 άνυομένωι
1482 4518 1570 4578 .s2‚
1603 4515 1838 4583 ἀνυμένω
1860 4517 1896 4567 d
1926 4518 1947 4579 ΙΙ
1984 4518 2065 4565 26.
2099 4515 2446 4572 στόλωιΛῑΒῑ
