3059 5125
1081 338 1476 399 —B—
2292 333 2417 396 247

179 516 243 587 δὲ
293 515 539 611 λέγεται
595 514 763 585 εἶναι
825 513 949 612 ἥδε
1002 497 1298 592 διάνοια,
1369 498 1541 609 μηδ’
1610 506 1689 582 ἂν
1752 509 1910 582 θεόν
1971 535 2081 603 μιν
2152 506 2419 606 μηδένα

179 635 471 707 δύνασθαι
531 637 792 704 παῦσαι
855 640 979 732 τῆς
1038 619 1443 731 βασιληίηςῖ
1515 628 1695 730 οἱξτω
1732 608 2118 725 ’ἀσφαλέως
2179 629 2416 724 ἑωυτῷ

178 755 450 852 ἱδρῦσθαι
486 752 736 825 ἐδόκεε.
822 754 930 823 καὶ
968 752 1054 851 δὴ
1091 753 1244 823 τότε
1280 739 1648 850 συμβαλὼν
1684 748 1959 846 ἑσσώθη
2006 750 2113 819 καὶ
2144 748 2418 846 ζωγρη-

173 875 298 955 θεὶς
346 871 644 972 ἀπήχθη
692 871 767 955 ἐς
812 870 978 946 Σάιν
1035 869 1254 951 πόλιν,
1309 869 1382 951 ἐς
1431 868 1517 944 τὰ
1567 868 1823 941 ἑωυτοῦ
1872 869 2046 939 οἰκία
2096 870 2420 967 πρότερον

118 1016 145 1062 5
174 994 362 1075 ἐόντα,
417 995 577 1065 τότε.
623 991 700 1064 δὲ
743 985 1084 1086 Ἀμάσιος
1135 990 1274 1090 ἤδη
1336 988 1681 1090 βασιλήια.
1774 987 2070 1061 ἐνθαῦτα
2117 985 2195 1059 δὲ
2246 986 2421 1068 τέως

173 1113 277 1206 μὲν
307 1112 618 1210 ἐτρέφετο
655 1111 726 1184 ἐν
766 1115 934 1184 τοῖσι
971 1110 1400 1212 βασιληίοισι,
1464 1113 1575 1180 καί
1622 1133 1731 1202 μιν
1763 1102 2068 1201 Ἀμασις
2111 1109 2188 1180 εῦ
2227 1133 2419 1214 περιῇ

169 1237 325 1305 εἰπε·
376 1231 572 1313 τέλος
623 1230 701 1304 δὲ
754 1232 1211 1330 μεμφομένων
1251 1225 1631 1327 Αἰγυπτίων
1684 1230 1782 1309 ὠς
1826 1227 1908 1299 ού
1942 1227 2163 1301 ποιέοι
2200 1228 2419 1300 δίκαια

171 1352 403 1449 τρέφων
440 1354 553 1423 τὸν
591 1357 782 1450 σφίσι
818 1377 892 1424 τε
928 1353 1038 1423 καὶ
1075 1350 1314 1446 ἑωυτῷ
1341 1347 1681 1447 ἔχθιστον,
1722 1347 1902 1420 οὕτω
1938 1348 2025 1447 δὴ
2062 1347 2427 1446 παραδιδοῖ

169 1475 261 1541 τὸν
302 1459 592 1571 Ἀπρίην
651 1475 823 1546 τοῖσι
877 1466 1311 1567 Αἰγυπτίοισι.
1429 1470 1495 1540 οἱ
1561 1470 1636 1542 δέ
1694 1495 1805 1563 μιν
1875 1465 2242 1548 ἀπέπνιξαν
2311 1469 2420 1539 καὶ

89 1613 138 1661 10
169 1591 375 1664 ἔπειτα
408 1591 675 1690 ἔθαψαν
715 1591 784 1664 ἐν
819 1583 981 1690 τῇσι
1013 1594 1397 1688 πατρωίῃσι
1433 1592 1726 1688 ταφῇσι·
1793 1590 1862 1663 αἱ
1912 1586 1989 1659 δέ
2037 1588 2166 1660 εἰσι
2215 1587 2283 1660 ἐν
2319 1588 2419 1685 τῷ

168 1714 276 1809 ἱρῷ
297 1702 846 1811 τῆςἈθηναὶης,
880 1707 1235 1808 ἀγχοτάτω
1272 1714 1393 1782 τοῦ
1431 1710 1749 1808 μεγάρου,
1783 1709 2031 1781 ἐσιόντι
2064 1706 2420 1807 ἀριστερῆς

166 1834 382 1930 χειρός.
509 1829 779 1926 ἔθαψαν
841 1827 916 1901 δὲ
966 1824 1210 1903 Σᾶἵται
1264 1829 1515 1911 πάντας
1571 1830 1728 1910 τοὺς
1782 1829 1856 1901 ἐκ
1905 1833 2119 1922 νομοῦ
2179 1831 2419 1899 τούτου

164 1950 534 2047 γενομένους
572 1949 899 2051 βασιλέας
934 1948 1077 2021 ἔσω
1113 1949 1184 2021 ἐν
1223 1952 1322 2046 τῷ
1365 1951 1512 2049 ἱρῷ.
1616 1947 1885 2049 καὶγὰρ
1920 1952 1995 2020 τὸ
2032 1955 2149 2020 τοῦ
2188 1937 2418 2043 Ἀμά-

164 2097 288 2153 σιος
317 2082 505 2172 σῆμα
538 2067 881 2168 ἑκαστέρω
920 2069 1041 2163 μέν
1077 2068 1219 2142 ἐστι
1251 2075 1369 2140 τοῦ
1409 2069 1705 2167 μεγάρου
1739 2067 1784 2166 ἢ
1828 2071 1906 2140 τὸ
1952 2074 2072 2140 τοῦ
2112 2058 2418 2167 Ἀπρίεω

87 2211 134 2262 15
166 2193 259 2262 καὶ
307 2198 437 2262 τῶν
489 2192 736 2263 τούτου
787 2193 1260 2290 προπατόρων,
1321 2187 1465 2262 ἔστι
1522 2189 1753 2283 μέντοι
1808 2191 1918 2261 καὶ
1968 2194 2163 2260 τοῦτο
2214 2188 2282 2260 έν
2330 2192 2415 2285 τῇ

163 2309 316 2409 αὐλῇ
351 2316 471 2381 τοῦ
505 2313 674 2410 ἱροῦ,
711 2308 978 2391 παστὰς
1009 2307 1233 2406 λιθίνη
1273 2309 1537 2407 μεγάλη
1576 2312 1684 2381 καὶ
1714 2307 2079 2408 ἠσκημένη
2117 2309 2418 2382 στύλοισί

162 2456 225 2501 τε
256 2434 547 2528 φοίνικας
583 2429 670 2501 τὰ
705 2430 987 2528 δένδρεα
1023 2428 1555 2526 μεμιμημένοισι
1607 2432 1715 2500 καὶ
1765 2431 1859 2527 τῇ
1897 2428 2077 2526 ἄλλῃ
2118 2429 2412 2526 δαπάνῃ.

163 2548 285 2623 ἔσω
333 2548 406 2623 δὲ
462 2549 536 2622 ἐν
593 2551 681 2649 τῇ
735 2549 1027 2622 παστάδι
1079 2547 1226 2627 διξὰ
1279 2548 1656 2649 θυρώματα
1702 2547 1968 2649 ἕστηκε,
2026 2549 2095 2621 ἐν
2132 2548 2209 2622 δὲ
2246 2553 2417 2620 τοῖσι

162 2669 489 2768 θυρώμασι
524 2671 574 2768 ἡ
611 2670 800 2769 θήκη
838 2669 1000 2742 ἐστί.
1091 2671 1220 2742 είσὶ
1269 2667 1345 2741 δὲ
1395 2671 1505 2741 καὶ
1554 2672 1624 2742 αἱ
1670 2673 1879 2766 ταφαὶ
1913 2676 2034 2741 τοῦ
2072 2669 2195 2741 οὐκ
2228 2670 2413 2742 ὅσιον
2437 2673 2558 2735 170

86 2812 131 2863 20
159 2795 451 2884 ποιεῦμαι
509 2790 625 2862 ἐπὶ
681 2791 964 2886 τοιούτῳ
1023 2795 1368 2889 πρήγματι
1426 2787 1839 2886 ἐξαγορεύειν
1907 2793 1982 2862 τὸ
2035 2789 2293 2884 οὔνομα
2348 2789 2419 2861 ἐν

160 2908 290 2993 Σάι,
327 2910 396 2982 ἐν
433 2912 537 3008 τῷ
582 2910 708 3008 ἱρῷ
743 2916 870 3009 τῆς
895 2898 1305 3008 Ἀθηναίγς,
1348 2908 1590 2982 ὄπισθε
1625 2915 1743 2981 τοῦ
1779 2915 1971 3009 νηοῦ,
2020 2913 2269 2991 παντὸς
2301 2915 2419 2981 τοῦ

160 3036 269 3128 τῆς
302 3019 693 3128 Ἀθηναίης
739 3028 1062 3125 ἐχόμεναι
1111 3032 1360 3126 τοίχου.
1454 3031 1562 3100 καὶ
1611 3027 1681 3100 ἐν
1730 3032 1833 3125 τῷ
1871 3028 2139 3124 τεμένεϊ
2193 3029 2419 3130 ὀβελοὶ

163 3148 368 3222 ἑστᾶσι
407 3150 696 3248 μεγάλοι
735 3147 996 3232 λίθινοι,
1055 3151 1259 3247 λίμνη
1309 3170 1382 3222 τε
1431 3150 1573 3222 ἐστὶ
1623 3148 1919 3247 ἐχομένη
1979 3148 2206 3247 λιθίνῃ
2248 3176 2416 3248 κρη-

161 3270 283 3341 πίδι
315 3270 796 3367 κεκοσμημένη
849 3272 958 3341 καὶ
994 3268 1375 3368 ἐργασμένη
1415 3269 1490 3341 εῦ
1530 3267 1752 3365 κύκλῳ
1804 3270 1913 3341 καὶ
1954 3268 2270 3366 μέγαθος,
2325 3272 2420 3348 ὡς

86 3410 134 3458 25
163 3388 297 3481 ἐμοὶ
345 3390 593 3469 ἐδόκεε,
655 3389 785 3487 ὅση
833 3414 962 3488 περ
1015 3390 1066 3488 ἡ
1120 3388 1191 3462 ἐν
1228 3386 1439 3487 Δήλῳ
1487 3390 1535 3488 ἡ
1572 3388 1970 3488 τροχοειδὴς
2005 3388 2412 3486 καλεομένη.

386 3647 465 3698 19.
523 3646 625 3699 εἰσὶ
659 3645 714 3698 δὲ
749 3677 778 3686 -
811 3645 879 3697 22
913 3642 1092 3716 τοίχου
1129 3644 1511 3715 Athenagoras
1548 3643 1710 3715 legat.
1752 3645 1835 3696 25.
1914 3674 1979 3684 -
2061 3645 2145 3695 23.
2198 3642 2354 3715 λίμνη
2394 3676 2421 3683 -

252 3731 302 3784 p.
328 3717 445 3780 248,
474 3717 508 3767 2
535 3712 803 3786 Αἰγύπτιοι
826 3712 1031 3768 ibidem

260 3887 300 3938 1.
338 3887 430 3957 ἠδε
456 3889 589 3951 ΑΒ,
619 3885 712 3955 ἥδε
736 3889 772 3956 ἡ
797 3906 850 3941 sz
890 3889 913 3951 11
957 3887 1152 3958 μηδένα
1177 3905 1284 3940 om.
1322 3888 1451 3942 CPcl
1494 3888 1517 3953 11
1567 3890 1615 3938 3.
1657 3885 1860 3955 ἑσσώθη
1895 3887 2032 3941 GRd
2076 3886 2098 3950 11
2146 3888 2195 3936 4.
2238 3885 2420 3938 ἑαυτοῦ

169 3956 199 4003 el
246 3958 267 4019 11
322 3960 366 4008 5.
410 3956 507 4015 ἕως
533 3958 594 4011 R
655 3959 676 4021 11
732 3959 781 4008 7.
823 3958 893 4015 ὡς
919 3975 1026 4010 om.
1062 3957 1111 4011 0
1149 3958 1172 4021 11
1226 3962 1368 4009 ποιοῖ
1391 3957 1630 4019 ABPR,
1661 3962 1798 4008 ποιεῖ
1827 3957 1929 4010 CA:
1988 3956 2009 4020 11
2065 3957 2115 4007 9.
2156 3955 2205 4007 οἱ
2230 3954 2285 4007 δέ
2315 3958 2416 4023 μιν]

170 4024 408 4092 οὐδεμίαν
440 4028 488 4080 C
521 4029 544 4091 11
597 4027 674 4076 10.
709 4029 1010 4097 πατρώιηισι
1035 4028 1263 4092 ARCP,
1291 4019 1555 4100 πατριξιῃσι
1580 4044 1623 4088 z,
1653 4027 1915 4095 πατρώησι
1945 4026 2039 4078 Rcl
2076 4027 2098 4089 11
2146 4025 2223 4075 11.
2260 4025 2422 4096 ἀγχο-

169 4093 306 4145 enirm
329 4096 455 4157 AB,
485 4094 775 4165 ἀγγοτάτου
802 4097 840 4148 d
905 4098 928 4161 11
998 4094 1221 4167 μεγάλου
1246 4097 1378 4149 ΑῙΒ
1446 4098 1468 4161 11
1538 4094 1741 4147 εἰσιόντι
1770 4096 1827 4147 R
1909 4096 1929 4158 11
2016 4095 2097 4145 12.
2135 4095 2287 4165 χερός
2311 4113 2337 4147 z
2406 4100 2423 4137 Η

171 4161 309 4237 νόμου
338 4160 414 4217 C'd
472 4166 496 4228 11
567 4157 650 4215 13.
688 4168 746 4217 τὸ
773 4174 828 4217 et
857 4166 913 4216 14
942 4166 1085 4235 σῆμα
1108 4182 1216 4217 om.
1248 4165 1305 4218 R
1369 4166 1394 4229 11
1471 4166 1548 4217 14.
1592 4163 1871 4235 ἑκαστέρωι
1896 4165 2025 4226 ΑΒ,
2056 4154 2281 4234 ἑκατέρω
2311 4165 2420 4229 Rd,

174 4231 305 4282 εκατέ
364 4251 393 4284 υ
422 4236 480 4294 0,
509 4232 741 4304 ἑκατέρῳ
767 4252 794 4285 z
848 4236 870 4299 11
933 4234 1127 4302 ἧιΑΒ
1190 4238 1211 4300 11
1274 4236 1465 4299 τὸτοῦ]
1491 4233 1675 4285 τούτου
1704 4233 1760 4285 R
1824 4234 1846 4296 11
1915 4234 1993 4284 19.
2037 4229 2348 4302 θύρωμναιί
2408 4242 2412 4283 ἓ

176 4300 249 4351 20.
282 4319 311 4352 τ
361 4300 554 4370 οὔνομα
581 4302 656 4355 R.
690 4302 886 4355 Athen.
938 4305 961 4367 11
1020 4305 1103 4355 21.
1142 4304 1265 4374 νηὸς
1298 4305 1346 4358 0
1393 4305 1415 4367 11
1477 4303 1561 4353 22.
1603 4301 1846 4373 ἐχόμεναι
1871 4320 1955 4355 so:
1985 4301 2230 4372 ἐχόμενον
2258 4301 2423 4354 ceteri

177 4384 282 4419 cum
307 4369 501 4423 Athen.
543 4372 568 4434 11
600 4376 778 4443 τοῖχον
807 4372 854 4425 0
881 4373 904 4435 11
938 4372 1133 4439 τεμένει
1158 4375 1266 4426 AB
1306 4374 1327 4435 11
1372 4372 1620 4440 ὀβελοῖσιν
1648 4360 1705 4424 *R
1740 4374 1762 4437 11
1800 4373 1883 4423 23.
1926 4366 1968 4422 δ’
1994 4371 2127 4423 ἐστὶν
2152 4369 2352 4423 Athen.
2406 4376 2423 4437 11

178 4437 253 4488 24.
286 4438 369 4491 καὶ
391 4439 551 4510 ἑρμασ
593 4440 688 4511 ένη
715 4441 788 4505 R,
812 4458 918 4493 om.
950 4441 1149 4495 Athen.
1225 4444 1248 4505 11
1316 4440 1389 4500 em,
1422 4441 1475 4493 ἐν
1501 4440 1705 4494 Athen.
1782 4443 1803 4504 11
1872 4441 1959 4492 καὶ
1992 4457 2094 4494 om.
2129 4438 2331 4493 Athen.
2406 4442 2424 4505 1ξ

185 4506 257 4558 25.
291 4506 450 4561 δοκέει
473 4508 525 4562 A
588 4526 679 4562 en.
730 4512 754 4573 11
799 4508 835 4577 ἡ
859 4508 927 4575 ἐν]
957 4509 1010 4563 ἐν
1036 4510 1237 4565 Athen.
1291 4513 1314 4576 11
1361 4506 1517 4581 Δήλῳ
1544 4510 1597 4578 ἡ]
1629 4508 1774 4581 δήλω
1803 4509 1860 4565 R
