3059 5125
1219 356 1508 413 Praefatio.
2372 376 2510 420 xxv

236 531 432 606 infra
465 533 872 628 composita
905 534 1552 620 consideraverint,
1594 536 1702 607 ita
1734 533 1937 606 haud
1974 558 2223 607 vereor
2256 559 2352 608 ne
2389 535 2509 606 cui

235 664 555 736 saevisse
632 664 714 735 in
792 662 1085 736 laudem
1157 662 1364 736 illius
1427 664 1699 749 videar,
1764 666 1960 759 quod
2020 664 2328 736 inventa
2391 662 2510 736 vel

231 793 479 887 sprevi
533 791 653 864 vel
701 786 810 867 ‘ex
862 791 1002 864 hac
1063 817 1282 886 quam
1334 795 1509 866 inde
1576 794 1669 865 ab
1722 791 2002 865 Aldina
2062 817 2511 887 occupavere

234 923 404 995 sede
444 920 711 1016 expuli
746 931 1033 1017 praeter
1068 947 1307 1017 pauca
1340 922 1611 995 omnia.
1693 920 2108 995 laudandus
2146 932 2395 995 autem
2430 923 2509 995 in

229 1051 490 1146 primis
544 1060 656 1125 est
694 1053 892 1146 quod
936 1052 1235 1124 ionismi
1287 1052 1603 1125 nitorem
1656 1054 1741 1125 in
1775 1053 2087 1125 vetustis
2134 1051 2509 1147 exempla-

226 1182 457 1267 ribus,
497 1190 588 1252 ut
620 1204 846 1275 supra
879 1182 1303 1267 memoravi,
1332 1184 1801 1254 obscuratum
1828 1181 2197 1276 reparavit
2231 1183 2513 1256 curiose

229 1318 449 1405 atque
487 1310 576 1381 in
609 1309 1010 1384 levioribus
1047 1308 1309 1384 saltem
1333 1308 1674 1397 feliciter,
1702 1313 1827 1384 sed
1857 1311 2286 1384 assiduitate
2314 1312 2515 1383 haud

226 1463 354 1533 per
405 1440 663 1511 omnia
714 1440 897 1533 pari.
1006 1448 1092 1512 ut
1139 1441 1212 1512 A
1265 1442 1310 1512 5
1344 1432 1595 1539 Ἄργεϊ,
1661 1441 1750 1512 14
1805 1434 2075 1537 ἀληθέϊ,
2134 1440 2222 1512 31
2287 1440 2506 1540 ὁρτῆς,

237 1569 398 1640 179.
441 1569 589 1642 185
608 1563 1001 1666 Εὐφρήτης,
1051 1568 1183 1640 111
1220 1572 1659 1651 κατεστεῶτα,
1701 1570 1848 1642 208
1883 1567 2069 1650 κατά,
2113 1569 2174 1640 Β
2207 1571 2326 1643 86.
2371 1570 2511 1641 149

228 1697 413 1779 αὖτις
465 1697 948 1792 (quamquam
1004 1699 1201 1770 idem
1254 1699 1323 1770 A
1385 1698 1525 1770 186
1587 1701 2017 1797 παρεντήκην
2078 1697 2511 1793 perperam),

236 1827 373 1898 174
441 1823 807 1922 ἐπιτήδεα,
890 1826 1029 1899 178
1094 1824 1417 1908 τουτέων,
1499 1822 1555 1897 Γ
1607 1827 1651 1898 8
1729 1830 1949 1907 πίστις
2023 1836 2101 1900 et
2156 1826 2505 1924 ποιέηται,

237 1955 375 2027 134
421 1952 632 2034 δέξαι,
698 1954 841 2027 135
885 1952 1404 2053 πολλαπλήσιαε
1472 1979 1920 2050 quamquam
1970 1981 2065 2029 ne
2114 1955 2297 2031 talia
2347 1957 2514 2048 qui-

226 2085 385 2157 dem
436 2082 699 2156 omnia·
739 2083 1018 2179 ubique
1069 2084 1567 2180 perpurgavit.
1661 2084 1858 2157 idem
1907 2086 2048 2160 etsi
2095 2085 2322 2159 semel
2372 2087 2512 2159 ite-

222 2236 538 2307 rumque
590 2212 996 2307 extirpavit
1043 2213 1318 2286 ficticia
1334 2268 1352 2300 ,
1405 2212 1617 2287 velut
1666 2216 1908 2311 μοίρην
1961 2217 2031 2288 Α
2087 2216 2225 2301 91,
2290 2214 2511 2311 longe

227 2352 472 2416 tamen
534 2339 758 2436 plura
805 2342 1104 2415 novavit
1169 2341 1288 2417 vel
1346 2351 1640 2438 praeter
1690 2344 2199 2417 necessitatem
2219 2399 2238 2431 ‚
2299 2353 2385 2417 ut
2431 2347 2511 2418 in

227 2472 576 2567 prosodia
620 2469 878 2571 ἐρῆμος
912 2469 1182 2565 ἑτοῖμος
1227 2468 1463 2565 ὁμοῖος
1520 2472 2206 2568 properispomena,
2272 2471 2511 2554 Νεκώς

225 2599 460 2683 Σεθώς
505 2597 751 2698 Φερώς
800 2599 1093 2695 aliaque
1147 2600 1567 2674 consimilia
1613 2610 1938 2697 oxytona
1956 2657 1973 2688 ,
2047 2599 2510 2675 Παλαιστινῶν

229 2728 303 2823 (Γ
334 2729 403 2825 5)
444 2732 681 2803 etiam
717 2738 1005 2824 praeter
1037 2731 1399 2803 rationem
1438 2729 1608 2825 (vid.
1648 2731 1743 2804 G.
1775 2728 2102 2804 Dindorf
2130 2731 2505 2827 Epiphan.

228 2856 530 2953 praefat.
596 2882 672 2953 p.
729 2858 926 2930 VIII
983 2858 1154 2954 sq.):
1229 2858 1350 2932 vel
1416 2883 1714 2954 prorsus
1771 2869 2043 2934 temere
2110 2886 2194 2933 ac
2259 2870 2513 2934 contra

226 2987 462 3084 legem
528 3013 616 3060 ac
678 2988 1289 3061 consuetudinem
1359 2989 1423 3060 si
1492 2990 1743 3062 minus
1819 2991 2256 3085 scriptorum
2321 2990 2512 3062 ioni-

227 3142 470 3191 corum
505 3127 591 3190 at
627 3125 821 3191 certe
857 3117 1208 3191 orationis
1244 3117 1733 3204 Herodoteae‚
1789 3142 1977 3214 quae
2014 3120 2281 3214 partim
2320 3117 2514 3192 infra

230 3271 358 3318 suo
406 3247 746 3342 quidque
765 3306 773 3314 .
792 3244 955 3318 loco
1005 3244 1470 3334 refellentur,
1536 3247 1660 3319 hic
1710 3248 2101 3343 potissima
2150 3251 2509 3343 quaedam

228 3375 306 3447 in
340 3383 752 3471 conspectu
785 3399 1096 3469 ponam:
1154 3375 1354 3471 οὖρος
1389 3373 1786 3469 οὐνομάζειν
1819 3373 2245 3473 Ψαμμίτιχος
2280 3375 2508 3475 Συρη-

230 3504 480 3577 κούσιοι
502 3502 806 3599 passim,
822 3504 1129 3602 ξυμφορή
1152 3504 1249 3600 (A
1266 3503 1388 3599 32)
1408 3512 1659 3577 autem
1687 3504 2125 3605 Ευνεβάλοντο
2155 3506 2508 3598 Ευμπεσεῖν

230 3631 517 3727 aliaque
545 3632 977 3705 huiusmodi
1005 3633 1329 3707 maxime
1357 3658 1488 3727 per
1513 3631 1744 3706 libros
1772 3629 1833 3707 E
1861 3631 1915 3707 Z
1945 3630 2034 3720 H,
2064 3659 2509 3729 quamquam

229 3784 317 3834 ne
351 3762 459 3835 ibi
497 3761 804 3857 quidem
839 3761 1118 3857 ubique
1154 3770 1231 3834 et
1266 3770 1710 3836 constanter.
1782 3762 1865 3835 in
1901 3765 2291 3836 verborum
2327 3785 2512 3854 quo-

230 3914 364 3984 que
413 3889 914 3965 declinatione
969 3892 1266 3965 tametsi
1313 3889 1576 3964 fortius
1628 3890 2012 3987 aliquanto
2061 3916 2216 3965 rem
2257 3893 2509 3988 gessit,

229 4017 438 4115 longe
509 4017 704 4092 afuit
765 4045 810 4092 a
871 4029 1235 4115 perpetua
1292 4021 1385 4092 ad
1434 4030 1667 4093 certas
1714 4019 1915 4116 leges
1970 4021 2505 4094 emendatione.

230 4150 444 4221 verba
478 4150 682 4222 enim
720 4147 1010 4240 aliquot
1058 4150 1140 4221 in
1191 4174 1297 4223 αω
1341 4174 1510 4221 cum
1564 4151 1841 4245 passim
1894 4151 2001 4222 sic
2034 4147 2348 4223 formata
2382 4153 2511 4224 ad·-

229 4286 533 4351 verteret
568 4288 654 4351 ut
687 4276 941 4352 littera
976 4305 1034 4348 ω
1083 4304 1180 4351 ex
1220 4303 1323 4349 σιω
1369 4287 1744 4352 contracta
1777 4280 2022 4352 ionico
2061 4304 2260 4353 more
2297 4280 2378 4352 in
2414 4305 2507 4351 εω

230 4404 708 4501 diduceretur‚
758 4408 1113 4481 continuo
1150 4432 1313 4481 eam
1349 4407 1895 4482 heteroclisiam
1931 4433 2100 4482 cum
2156 4410 2236 4482 in
2273 4408 2513 4482 multa

233 4532 374 4607 alia
427 4536 759 4613 eiusdem
820 4538 1360 4635 coniugationis
1411 4539 1634 4611 verba
1683 4536 2074 4612 transtulit
2093 4593 2111 4625 ,
2176 4547 2334 4611 tum
2386 4564 2508 4613 eas
