3059 5125
615 353 760 397 an
1608 331 1901 389 Praefatio.

614 520 698 582 ut
749 510 1142 584 accrevisse
1195 511 1554 606 paulatim
1604 511 2093 606 complurium
2152 537 2376 607 opera
2439 523 2715 585 certum
2765 513 2867 582 sit.

610 649 688 712 et
723 634 778 709 A
829 641 859 712 1
907 637 1087 737 ἄλλῃ
1127 643 1403 738 χώρῃ,
1460 642 1557 712 84
1611 643 1694 739 ἧν
1750 639 2082 738 ἐπίμαχον
2134 645 2225 713 τὸ
2275 645 2630 740 χωρίον,
2686 639 2746 713 Β
2794 643 2866 713 12

608 771 775 867 πρὸς
827 765 901 839 δὲ
949 771 1049 867 τῇ
1106 772 1391 866 χώρῃ,
1468 770 1609 842 117
1676 772 1783 841 καὶ
1832 770 1983 840 τόδε
2033 772 2124 840 τὸ
2175 775 2496 870 χωρίον
2549 771 2659 864 (ac
2698 768 2869 842 forte

610 895 661 968 Z
707 899 847 970 102
911 896 1424 994 ἐπιτηδεότατον
1468 900 1891 995 χωρίον),
1949 901 2022 970 A
2064 900 2107 970 4
2156 897 2239 971 τὰ
2275 897 2652 972 ἐνοικέοντα
2686 898 2869 971 ἔθνεα

609 1025 932 1127 βάρβαρ
955 1050 997 1096 α
1046 1022 1266 1126 facile
1308 1026 1759 1121 imputamus
1809 1027 2135 1100 eiusdem
2170 1029 2492 1101 hominis
2526 1028 2865 1101 inscitiae.

608 1165 685 1228 at
744 1157 818 1227 A
878 1156 1021 1228 196
1092 1151 1194 1225 ἵνα
1261 1157 1356 1252 μὴ
1410 1151 1699 1227 ἀδικοῖεν
1763 1153 1966 1239 αὐτὰς
2019 1145 2186 1255 μηδ’
2246 1157 2341 1238 εἰς
2398 1156 2631 1256 ἑτέραν
2688 1157 2865 1228 πόλιν

609 1281 905 1382 ἄγωνται
941 1308 1037 1356 ne
1072 1283 1315 1356 ionica
1349 1284 1683 1378 quidem,
1736 1285 1799 1356 B
1839 1286 1934 1359 92
1976 1288 2085 1358 καὶ
2119 1285 2465 1359 πωλέουσι
2507 1285 2802 1359 fuerunt
2831 1310 2869 1355 a

609 1414 844 1509 primo
895 1414 974 1485 in
1010 1413 1338 1508 margine
1387 1413 1832 1509 exemplaris
1876 1416 2294 1488 vetustioris
2345 1416 2705 1511 adscripta
2750 1440 2869 1487 ex-

607 1543 933 1640 plicandi
967 1567 1118 1615 non
1155 1542 1508 1638 explendi
1544 1568 1798 1630 causa,
1845 1542 1980 1617 illa
2017 1547 2107 1617 ad
2143 1536 2292 1616 ἀλλ’
2339 1543 2670 1643 ἑγγυήτας
2704 1551 2863 1641 χρῆν

608 1676 1124 1771 καταστήσαντα
1155 1730 1169 1743 .
1208 1730 1221 1743 .
1260 1729 1299 1753 .,
1341 1673 1524 1746 haec
1562 1675 1656 1745 ad
1692 1672 1764 1755 ἐς
1800 1671 1969 1745 ἄλλο
2004 1699 2065 1745 τι
2100 1674 2448 1772 τράπουσι.
2540 1672 2865 1746 similem·

609 1827 754 1898 que
804 1802 1085 1873 habent
1136 1801 1491 1897 originem
1554 1799 1617 1873 H
1672 1805 1769 1876 26
1822 1801 1893 1874 ἐν
1946 1806 2032 1902 τῇ
2081 1785 2269 1884 πόλι,
2342 1804 2484 1875 162
2538 1804 2612 1872 τὸ
2663 1800 2864 1874 ἐθέλει

609 1930 848 2028 λέγειν.
942 1932 1071 2004 sed
1105 1930 1321 2025 plura
1355 1932 1797 2005 secludenda
1844 1939 2076 2017 erant,
2129 1956 2319 2025 quae
2353 1931 2548 2005 idem
2582 1929 2865 2004 fortasse

606 2062 831 2132 homo
858 2059 1048 2133 male
1079 2061 1376 2133 sedulus
1411 2061 1712 2134 immisit
1739 2070 1824 2134 ut
1856 2085 2159 2133 mancae
2195 2060 2541 2133 nimirum
2578 2059 2865 2133 orationi

607 2189 1051 2276 subveniret,
1090 2191 1160 2263 A
1208 2191 1371 2263 142.
1413 2192 1579 2264 181.
1636 2191 1700 2261 Β
1745 2191 1860 2263 11.
1906 2191 2025 2262 35.
2086 2188 2138 2261 Γ
2178 2191 2298 2264 30.
2341 2193 2459 2263 56.
2510 2193 2671 2264 126.
2712 2189 2861 2261 149.

607 2316 662 2390 Δ
702 2322 769 2392 5.
816 2322 882 2391 7.
927 2320 1047 2393 36.
1092 2321 1211 2393 65.
1256 2321 1376 2394 99.
1436 2315 1495 2390 E
1538 2323 1656 2391 55.
1717 2317 1767 2389 Θ
1810 2320 1928 2392 38.
1973 2319 2092 2391 83.
2144 2321 2307 2393 102.
2367 2317 2392 2391 Ι
2442 2321 2556 2393 11.
2602 2323 2715 2393 65.
2749 2319 2859 2390 93.

606 2475 744 2523 nec
778 2449 1021 2521 minus
1069 2459 1199 2521 aut
1241 2450 1669 2545 importuna
1704 2458 1832 2522 aut
1869 2449 2125 2536 otiosa,
2178 2451 2305 2522 sed
2342 2449 2699 2543 ampliora
2726 2473 2863 2519 am·

605 2580 769 2652 bitu
818 2579 1305 2674 doctiorisque
1358 2604 1590 2653 venae
1640 2582 1713 2651 A
1760 2580 1873 2651 12.
1926 2580 2046 2651 28.
2099 2580 2218 2651 29.
2296 2579 2359 2651 B
2419 2581 2584 2653 116.
2660 2557 2858 2651 1³97.

606 2706 660 2779 Δ
722 2709 888 2780 127.
972 2705 1032 2779 E
1096 2709 1210 2781 16.
1328 2707 1475 2780 alia
1536 2708 1867 2804 quamvis
1938 2708 2394 2781 abundantia
2452 2719 2583 2783 aut
2643 2708 2865 2781 minus

606 2846 809 2911 recta
857 2838 931 2910 A
978 2838 1142 2909 148.
1205 2834 1258 2908 Γ
1298 2838 1415 2910 59.
1475 2836 1529 2909 Δ
1580 2840 1699 2910 71.
1759 2836 1811 2909 Z
1865 2839 1986 2910 98.
2047 2835 2110 2909 H
2151 2838 2246 2911 63
2310 2839 2371 2909 si
2422 2838 2585 2932 quis
2637 2848 2862 2910 tamen

606 2970 699 3040 ab
736 2967 1114 3039 Herodoto
1161 2966 1321 3059 ipso
1365 2964 1695 3061 profecta
1742 2969 2137 3040 contendat
2154 3023 2172 3054 ‚
2223 2968 2528 3040 habebit
2564 2992 2710 3062 quo
2756 2969 2859 3039 de-

603 3094 857 3168 fendat
933 3121 1101 3167 cum
1171 3096 1411 3189 specie
1489 3095 1746 3191 aliqua
1811 3097 2152 3170 veritatis.
2278 3095 2631 3192 leguntur
2691 3096 2864 3168 enim

606 3234 893 3320 praeter
927 3223 1062 3296 illa
1095 3225 1174 3297 in
1210 3225 1326 3296 his
1371 3225 1692 3297 historiis
1711 3282 1730 3312 ‚
1786 3225 2040 3321 quales
2092 3235 2166 3298 et
2216 3250 2350 3298 nos
2399 3226 2757 3299 habemus
2802 3232 2865 3296 et

605 3356 1029 3428 habuerunt
1078 3363 1356 3429 veteres
1375 3410 1394 3442 ,
1456 3355 1710 3450 aliqua
1756 3355 1877 3430 vel
1929 3355 2490 3429 continuitatem
2540 3355 2662 3455 xjel
2710 3377 2863 3426 con-

605 3485 1038 3557 cinnitatem
1074 3484 1418 3557 orationis
1456 3485 1834 3557 turbantia
1872 3493 2004 3557 aut
2037 3493 2231 3557 certe
2268 3510 2313 3556 a
2347 3495 2601 3558 tenore
2639 3508 2865 3557 narra-

605 3615 825 3687 tionis
862 3616 1161 3700 absona,
1199 3624 1287 3686 ut
1323 3638 1473 3685 non
1503 3614 1749 3686 statim
1781 3639 1950 3687 cum
1982 3613 2237 3688 ceteris
2268 3622 2444 3686 nata
2473 3616 2603 3686 sed
2630 3622 2865 3709 postea

604 3746 900 3817 demum
945 3741 1407 3839 adglutinata
1454 3743 1871 3831 videantur,
1937 3744 2193 3817 eadem
2243 3753 2491 3817 tamen
2551 3770 2689 3818 nec
2749 3765 2865 3837 per

604 3897 680 3947 se
716 3874 879 3967 ipsa
911 3896 1048 3945 nec
1084 3871 1315 3944 ullam
1351 3872 1571 3945 aliam
1619 3877 1713 3945 ob
1752 3897 2044 3947 causam
2079 3873 2377 3970 ingenio
2414 3873 2769 3947 Herodoti
2801 3878 2867 3943 et

604 4002 1134 4076 consuetudine
1184 4002 1507 4096 indigna.
1607 4005 1680 4074 A
1738 4004 1881 4075 125
1946 4001 2089 4074 ἔστι
2149 4000 2225 4074 δὲ
2288 4000 2607 4100 Περσέων
2672 3994 2865 4099 συχνὰ

605 4129 803 4229 γένεα
831 4172 932 4184 -
961 4129 1342 4228 Σαγάρτιοι,
1384 4131 1447 4202 Β
1485 4132 1627 4203 127
1658 4137 1868 4203 ταῦτα
1903 4130 2031 4229 γὰρ
2068 4130 2162 4201 ὧν
2193 4172 2292 4185 —-—
2321 4128 2580 4215 Χέοπα,
2633 4133 2771 4205 156
2802 4127 2865 4200 ἐκ

604 4260 845 4331 τούτου
897 4256 972 4329 δὲ
1020 4265 1140 4331 τοῦ
1199 4257 1402 4356 λόγου
1437 4301 1540 4312 ·-
1577 4257 1978 4359 Δήμητρος,
2048 4258 2101 4332 Γ
2152 4261 2249 4334 89
2307 4260 2419 4333 ἐπὶ
2470 4260 2599 4360 γὰρ
2656 4258 2863 4358 Κύρου

608 4385 932 4485 ἄρχοντος
971 4429 1072 4440 -—
1109 4386 1638 4485 ἐμηχανήσατο,
1716 4389 1847 4461 131
1912 4388 2179 4487 ἐγένετο
2229 4387 2356 4488 γὰρ
2410 4388 2502 4459 ὧν
2555 4394 2751 4462 τοῦτο
2784 4426 2861 4439 -
2992 4424 2993 4499 f

596 4502 961 4620 Ἑλλήνων
997 4522 1287 4619 πρῶτοι,
1355 4514 1409 4587 Δ
1449 4519 1492 4589 2
1544 4519 1704 4600 τοὺς
1739 4517 1814 4590 δὲ
1852 4517 2134 4603 δούλους
2184 4519 2244 4589 οἱ
2279 4516 2535 4592 Σκύθαι
2573 4560 2671 4572 ——
2710 4510 2865 4590 ἀλλὰ
2992 4508 2993 4591 J
