3059 5125
588 329 748 376 Lxlv
1571 306 1861 363 Praefatio.

580 488 775 559 idem
812 495 1060 558 tamen
1092 484 1360 579 partim
1394 484 1889 581 perseveranti
1937 507 2173 579 paene
2209 482 2484 578 ubique
2529 483 2864 556 codicum

582 613 698 688 vel
714 616 863 687 AB
879 612 996 687 vel
1010 612 1237 686 ABR
1252 613 1370 687 vel
1393 612 1724 709 plurium
1751 613 1975 685 etiam
2002 612 2417 685 testimonio
2443 612 2870 697 oboediam,

582 740 846 836 partim
880 740 1111 837 ipsius
1146 741 1603 838 corruptelae
1638 742 1977 816 insistens
2005 740 2347 838 vestigiis,
2377 741 2457 813 in
2485 765 2872 836 compara-

581 871 778 944 tione
845 881 1193 967 quattuor
1240 852 1764 945 adiectivorum
1814 896 1861 944 a
1906 869 2195 967 vulgari
2248 871 2610 967 scriptura
2655 871 2872 942 haud

581 1009 1011 1075 cunctanter
1072 1001 1388 1075 discessi.
1511 1026 1687 1075 nam
1754 1025 1944 1096 quae
2004 1002 2095 1074 de
2159 999 2525 1073 anomalia
2541 1056 2561 1087 ‚
2633 1024 2868 1096 quam

582 1129 855 1203 habere
890 1130 1231 1204 videntur
1264 1131 1611 1229 κενόταρος
1646 1138 1722 1203 et
1756 1130 2141 1228 στενότερος
2192 1128 2485 1225 (quibus
2521 1138 2693 1201 sunt
2727 1131 2868 1223 qui

583 1256 919 1357 Εενότερος
955 1259 1305 1340 ξενότατος
1341 1257 1637 1354 addant)
1675 1230 2232 1331 Choeroboscus¹
2257 1258 2425 1333 dict.
2463 1258 2546 1330 in
2571 1258 2859 1330 Theod.

581 1412 654 1481 p.
699 1389 845 1460 550
882 1397 1128 1462 narrat
1160 1413 1209 1460 a
1243 1388 1681 1484 quibusdam
1715 1384 2048 1460 defensa:
2120 1393 2332 1460 ταῦτα
2386 1386 2513 1485 γὰρ
2568 1386 2866 1488 βραχείᾳ

581 1514 1115 1615 παραληγόμενα
1165 1515 1296 1613 (οὐ)
1333 1515 1654 1616 τρέπουσι
1716 1517 1793 1587 τὸ
1829 1518 1870 1584 ὃ
1915 1515 2010 1597 εἰς
2060 1520 2146 1588 ὧ.
2202 1518 2310 1588 καὶ
2363 1512 2866 1612 ἀπολογῶνταί

582 1668 754 1724 τινες
803 1647 959 1744 περὶ
1015 1644 1266 1728 αὐτῶν,
1343 1643 1651 1741 λέγοντες
1699 1643 1802 1717 ὅτι
1862 1643 2349 1743 μακροπαράλη
2361 1670 2479 1715 κτα
2548 1644 2722 1742 ἦσαν
2774 1639 2865 1712 τὰ

580 1776 989 1872 πρωτότυπα
1025 1773 1243 1846 αὐτῶν
1263 1796 1279 1811 ·
1319 1774 1572 1851 στεινὸς
1606 1771 1733 1870 γὰρ
1771 1775 1881 1844 καὶ
1917 1774 2131 1853 κεινὸς
2165 1770 2275 1844 διὰ
2309 1780 2435 1872 τῆς
2472 1773 2536 1843 ἶι
2571 1768 2860 1866 διφθόγ-

582 1925 722 1997 ¹fou,
784 1958 797 1972 .
844 1958 859 1972 .
900 1904 1009 1974 καὶ
1044 1898 1356 2002 ἀποβολῇ
1392 1904 1513 1973 τοῦ
1551 1895 1586 1971 ἰ
1637 1897 1873 1997 γέγονα
1918 1901 2105 1981 κενὸς
2157 1901 2267 1973 καὶ
2316 1899 2543 1978 στενὸς
2590 1896 2702 1970 διὰ
2735 1902 2862 1969 τοῦ

581 2029 619 2101 ἔ
653 2028 1296 2131 βραχυπαρᾴληκτα,
1329 2029 1440 2101 καὶ
1468 2025 1734 2122 ἔμειναν
1770 2026 1853 2101 τὰ
1889 2024 2266 2127 συγκριτικὰ
2296 2029 2392 2107 ὡς
2421 2023 2555 2098 ἀπὸ
2596 2051 2861 2124 μακρο-

576 2156 1032 2256 παραλήκτων
1081 2157 1543 2256 πρωτοτύπων
1597 2152 1707 2228 διὰ
1753 2161 1870 2228 τοῦ
1921 2156 1959 2228 ὃ
2009 2158 2399 2255 γραφόμενα
2451 2153 2568 2251 (cf.
2607 2154 2856 2250 Etym.

578 2286 686 2358 M.
728 2312 799 2380 p.
841 2288 1014 2369 275,
1058 2288 1177 2358 50.
1236 2284 1556 2358 Cramer.
1595 2286 1878 2359 Anecd.
1920 2288 2065 2357 Ox.
2107 2285 2146 2356 I
2182 2308 2254 2379 p.
2297 2283 2510 2379 279);
2567 2308 2658 2356 ea
2696 2282 2862 2377 ipsa

579 2439 730 2487 non
763 2415 1007 2488 minus
1041 2424 1238 2487 recte
1276 2413 1722 2487 adhibentur
1771 2416 1864 2487 ad
1912 2415 2047 2486 has
2085 2437 2272 2508 quae
2315 2413 2464 2485 iam
2499 2436 2862 2486 emersere

578 2543 867 2617 formas.
958 2542 1471 2641 ἐπιτηδεότερος
1507 2552 1584 2617 et
1617 2540 2136 2641 ἐπιτηδεότατος
2168 2537 2228 2616 Α
2273 2542 2438 2616 110.
2479 2543 2646 2616 115.
2686 2543 2855 2616 126.

580 2674 643 2745 Β
690 2673 857 2746 133.
906 2674 1073 2746 172.
1132 2670 1184 2744 Γ
1226 2674 1342 2745 70.
1402 2668 1456 2742 Δ
1499 2674 1618 2744 72.
1677 2669 1730 2746 Ζ
1778 2673 1944 2745 102.
2004 2668 2066 2742 Η
2107 2673 2228 2745 25.
2289 2668 2341 2742 Θ
2380 2673 2502 2745 49.
2559 2650 2855 2745 12.'25.

582 2804 706 2889 27,
744 2802 1161 2900 οἰκηιότατος
1194 2797 1249 2872 Γ
1288 2802 1407 2875 65.
1459 2796 1520 2874 Ε
1562 2804 1629 2873 5.
1720 2801 1906 2875 haec
1938 2800 2166 2896 igitur
2198 2800 2546 2896 exempla
2579 2801 2861 2874 firmius

580 2933 976 3004 haeserunt
991 2985 1011 3017 ‚
1063 2953 1232 3002 cum
1281 2927 1584 3024 proclivi
1633 2928 1870 3003 abiret
1913 2929 1993 3002 in
2044 2954 2508 3004 communem
2544 2930 2855 3024 speciem

581 3057 1054 3158 ἀνδρηιόταρος
1087 3057 1363 3153 ubique
1400 3054 1459 3130 A
1503 3058 1622 3131 79.
1667 3056 1721 3132 Δ
1759 3058 1880 3132 93.
1920 3056 1948 3129 1
1989 3060 2110 3132 37.
2202 3061 2331 3133 sed
2369 3061 2626 3133 eadem
2673 3059 2856 3131 ratio

582 3186 777 3261 valet
811 3186 892 3258 in
925 3187 1371 3261 contrarium
1405 3196 1515 3273 ut,
1552 3211 1723 3260 cum
1771 3188 1947 3287 ἱερός
1987 3186 2209 3262 faciat
2262 3188 2612 3286 ἱερώτερος
2661 3188 2854 3287 ἱερώ·

579 3340 776 3396 τατος
813 3316 1142 3414 ἱερωσύνη
1198 3314 1291 3412 (v.
1332 3316 1578 3415 Etym.
1617 3316 1727 3390 M.
1780 3342 1853 3410 p.
1897 3319 2072 3404 275,
2112 3317 2272 3411 46),
2321 3314 2547 3411 longa
2591 3313 2855 3389 vocalis

579 3453 773 3518 recte
808 3444 1109 3518 retineri
1133 3444 1468 3518 videatur
1490 3469 1583 3546 ‚m
1622 3444 1966 3544 ἱρωτάτας,
2000 3446 2196 3540 quod
2231 3445 2312 3518 in
2337 3442 2566 3519 altero
2591 3469 2854 3540 genere

543 3574 913 3646 ·codicum
963 3573 1231 3645 mansit
1277 3573 1342 3648 E
1382 3576 1515 3659 82,
1569 3582 1646 3647 et
1692 3574 1986 3672 ἱρωσύνη
2010 3630 2025 3656 ,
2080 3576 2279 3669 quod
2326 3575 2700 3671 integrum
2749 3583 2855 3648 est

580 3699 633 3772 Δ
680 3702 845 3775 161.
889 3699 947 3806 Z·
981 3702 1103 3788 56,
1139 3702 1219 3772 in
1257 3703 1587 3801 ἱερωσύνη
1629 3702 2104 3797 degeneravit
2139 3700 2194 3775 Γ
2240 3704 2404 3778 142.

783 3830 876 3903 111
913 3829 1412 3904 numeralibus
1448 3831 1643 3906 vices
1679 3828 2052 3904 alternant
2084 3831 2203 3903 δύο
2234 3831 2544 3928 (detortam
2575 3832 2847 3922 duobus)

579 3982 662 4032 ac
713 3960 890 4032 δυῶν
943 3959 1191 4043 δυοῖσι,
1263 3959 1564 4032 δυώδεκα
1622 3985 1707 4034 ac
1757 3960 1878 4033 δύο
1928 3962 2038 4033 καὶ
2085 3960 2250 4032 δέκα
2313 3985 2650 4056 quaeque
2711 3961 2848 4033 alia

579 4096 909 4162 recenset
950 4087 1355 4164 Bredovius
1405 4113 1479 4184 p.
1521 4089 1673 4162 279
1722 4113 1828 4184 sq.
1923 4112 2372 4185 quamquam
2418 4091 2498 4162 in
2551 4113 2845 4164 numero

579 4217 1027 4290 duodenario
1075 4219 1492 4290 observasse
1528 4218 1714 4290 mihi
1748 4218 1996 4292 videor
2043 4243 2298 4293 sensus
2346 4219 2842 4302 differentiam,

580 4367 804 4437 quam
853 4344 1258 4419 enucleabo
1306 4347 1434 4420 ubi
1448 4402 1468 4433 ‚
1535 4349 1732 4442 quod
1779 4370 1979 4420 nunc
2036 4372 2172 4422 nec
2229 4346 2402 4422 licet
2451 4373 2590 4422 nec
2650 4348 2840 4430 libet,

578 4474 947 4548 excutiam
984 4474 1382 4566 aliquando
1418 4475 1684 4548 horum
1720 4476 2124 4550 studiorum
2160 4477 2533 4573 reliquias.
