3059 5125
1111 359 1194 372 —-
1283 325 1316 386 Ι
1402 364 1488 372 -—
2310 327 2434 391 385

157 496 228 565 ἐκ
263 502 383 566 τοῦ
443 497 893 595 στρατοπέδου
946 505 1061 570 τοῦ
1099 494 1394 597 Μήδων,
1447 501 1521 580 ὃς
1580 497 1745 569 ἄλλο
1800 499 1918 592 μὲν
1974 498 2168 570 οὐδὲν
2214 526 2434 599 παρα-

157 621 406 711 γυμνοῖ
435 615 632 705 ἔπος,
695 621 1115 716 στρατηγοὺς
1169 615 1243 688 δέ
1307 618 1656 713 ὀνομάζων
1707 617 1962 690 ἐθέλειν
2001 623 2169 717 φησὶ
2210 620 2277 700 ἐς
2316 619 2435 690 M·-

157 761 319 831 γους
357 735 602 808 ἐλθεῖν.
655 738 717 808 οἱ
751 735 824 807 δὲ
863 737 1008 808 ἐπεὶ
1045 742 1255 808 ταῦτα
1292 739 1614 836 ἤκουσαν,
1655 737 1892 810 αὐτίκα
1930 735 2190 810 εἵποντο
2225 739 2296 821 ἐς
2321 737 2441 818 τὰς
2471 752 2553 810 45

161 854 499 951 φυλακάς·
555 852 1016 950 ἀπικομένοισι
1064 854 1136 926 δὲ
1173 855 1363 955 ἔλεγε
1393 850 1827 956 Ἀλέξανδρος
1901 856 2079 929 τάδε.
2155 851 2440 958 “ἄνδρες

98 993 126 1040 5
151 968 544 1072 Ἀθηναῖοι,
582 976 997 1075 παραθήκην
1038 974 1187 1070 ὑμῖν
1224 976 1306 1049 τὰ
1344 975 1512 1049 ἔπεα
1548 976 1709 1049 τάδε
1744 977 2048 1071 τίθεμαι,
2088 973 2441 1076 ἀπόρρητα

160 1098 558 1188 ποιεύμενος
603 1098 771 1194 πρὸς
826 1095 1088 1194 μηδένα
1121 1095 1362 1193 ,λέγειν
1420 1095 1632 1190 ὑμέας
1682 1094 1884 1168 ἄλλον
1936 1098 1980 1195 ἢ
2024 1094 2440 1194 Παυσανίην,

166 1219 257 1311 μή
303 1240 390 1309 με
428 1217 535 1287 καὶ
570 1214 1039 1314 διαφθείρητε·
1115 1215 1193 1285 οὐ
1246 1212 1368 1313 γὰρ
1424 1213 1502 1287 ἂν
1537 1213 1808 1313 ἔλεγον,
1868 1217 1923 1289 εἰ
1984 1220 2079 1314 μὴ
2132 1217 2444 1315 μεγάλως

165 1334 516 1433 ἐκηδόμην
568 1333 961 1433 συναπάσης
1005 1343 1129 1434 τῆς
1166 1328 1543 1415 Ἑλλάδος·
1634 1333 1832 1415 αὐτός
1881 1361 1952 1408 τε
2002 1336 2130 1434 γὰρ
2170 1324 2442 1432 ἽΞλλην

166 1455 358 1551 γένος
418 1456 551 1549 εἰμὶ
600 1456 937 1551 τώρχαῖον
992 1456 1097 1524 καὶ
1157 1440 1297 1524 ἀντ’
1364 1453 1733 1552 ἐλευθέρης
1775 1453 2286 1552 δεδουλωμένην
2329 1454 2448 1525 οὐκ

88 1594 135 1642 ιο
170 1570 246 1644 ἂν
287 1572 597 1667 ἐθέλοιμι
650 1573 812 1672 δρᾶν
857 1576 977 1671 τὴν
1016 1567 1341 1644 ζΕλλάδα.
1435 1572 1615 1669 λέγω
1671 1571 1744 1643 δὲ
1789 1572 1882 1641 ὧν
1944 1572 2041 1643 ὅτι
2084 1569 2446 1672 Μαρδονίῳ

171 1718 239 1764 τε
275 1696 387 1765 καὶ
425 1695 511 1792 τῇ
549 1695 827 1791 στρατιῇ
867 1691 949 1764 τὰ
976 1690 1227 1789 σφάγια
1255 1691 1333 1761 οὐ
1373 1691 1646 1763 δύναται
1685 1690 2062 1786 καταθύμια
2098 1692 2443 1789 γενέσθαι’

171 1810 379 1883 πάλαι
431 1810 557 1910 γὰρ
616 1809 693 1883 ἂν
746 1811 1109 1909 ἐμάχεσθε.
1211 1815 1321 1880 νῦν
1366 1808 1439 1881 δέ
1477 1811 1540 1880 οἱ
1577 1809 1880 1883 δέδοκται
1918 1808 1999 1882 τὰ
2038 1811 2158 1905 μὲν
2197 1811 2450 1908 σφάγια

174 1931 284 2003 ἐᾶν
342 1934 642 2028 χαίρειν,
713 1924 831 2024 ἅμ’
903 1929 1132 2029 ἡμέρῃ
1191 1927 1263 2000 δὲ
1321 1929 1799 2028 διαφωσκούσῃ
1855 1930 2204 2031 συμβολὴν
2258 1928 2451 2001 ποιέ-

177 2050 403 2124 εσθαι·
495 2051 976 2148 καταρρώδηκε
1027 2047 1154 2147 γὰρ
1211 2052 1305 2146 μὴ
1350 2048 1629 2129 πλεῦνες
1665 2048 2117 2150 συλλεχθῆτε,
2175 2052 2270 2129 ὡς
2316 2049 2452 2145 ἐγὼ

91 2190 143 2240 15
177 2170 446 2252 εἰκάζω.
533 2172 701 2266 πρὸς
748 2175 958 2241 ταῦτα
1012 2166 1471 2261 ἑτοιμάζεσθε.
1562 2167 1648 2265 ἢν
1706 2167 1778 2240 δὲ
1822 2167 1952 2268 ἄρα
1992 2167 2455 2268 ὑπερβάληται

179 2292 295 2387 τὴν
336 2289 689 2390 συμβολὴν
729 2283 1111 2386 Μαρδόνιος
1147 2289 1256 2358 καὶ
1298 2289 1393 2386 μὴ
1426 2287 1782 2385 ποιέηται,
1825 2286 2174 2387 λιπαρέετε
2214 2286 2455 2380 μένον-

180 2434 316 2489 τες·
395 2408 677 2504 ὀλιγέων
730 2407 855 2506 γάρ
908 2432 1027 2503 σφι
1074 2407 1383 2505 ἡμερέων
1436 2404 1736 2478 λείπεται
1783 2412 1979 2480 σιτία.
2059 2407 2143 2505 ἣν
2187 2405 2262 2478 δὲ
2301 2405 2454 2499 ὖμῖν

182 2529 215 2599 ὃ
260 2529 562 2622 πόλεμος
620 2527 733 2599 ὅδε
786 2524 952 2598 κατὰ
1004 2529 1157 2598 νόον
1213 2526 1613 2623 τελευτήσῃ,
1682 2525 2070 2627 μνησθῆναί
2127 2551 2272 2598 τινα
2318 2525 2456 2624 χρὴ

183 2652 283 2720 καὶ
321 2650 490 2742 ἐμεῦ
527 2646 1011 2746 ἐλευθερώσιος
1047 2646 1236 2744 πέρι,
1289 2647 1363 2726 ὃς
1388 2632 1754 2746 Ἱῧλλήνων
1792 2644 2009 2718 εἵνεκα
2048 2643 2226 2717 οὕτω
2263 2643 2458 2743 ἔργον

99 2790 155 2839 ευ
185 2766 569 2867 παράβολον
611 2765 943 2865 ἔργασμαι
997 2766 1125 2838 ὑπὸ
1174 2765 1600 2864 προθυμίης,
1662 2764 1920 2836 ἐθέλων
1959 2764 2109 2857 ὑμῖν
2153 2762 2462 2862 δηλῶσαι

186 2889 302 2984 τὴν
345 2887 643 2959 διάνοιαν
685 2887 805 2982 τὴν
852 2881 1266 2985 Μαρδονίου,
1326 2882 1433 2956 ἰ’να
1494 2887 1589 2983 μὴ
1645 2882 2016 2957 ἐπιπέσωσι
2074 2882 2226 2976 ὑμῖν
2281 2881 2460 2960 ἐξαί-

189 3031 359 3104 φνης
398 3007 462 3077 οἱ
500 3004 826 3106 βάρβαροι
874 3007 970 3102 μὴ
1018 3003 1614 3102 προσδεκομένοισί
1661 3029 1780 3074 κω.
1859 3003 1990 3096 εἰμὶ
2030 3000 2104 3072 δὲ
2131 2994 2461 3081 Ἀλέξαν-

191 3123 339 3222 δρος
376 3125 414 3194 δ
453 3115 848 3196 Μακεδών.”
941 3124 976 3195 ὃ
1016 3121 1137 3217 μὲν
1172 3129 1380 3195 ταῦτα
1416 3123 1610 3201 εἴπας
1645 3118 1993 3220 ἀπήλαυνε
2031 3120 2244 3193 ὀπίσω
2283 3118 2354 3199 ἐς
2388 3121 2464 3188 τὸ

191 3243 633 3341 στρατόπεδον
676 3245 785 3314 καὶ
821 3245 942 3340 τὴν
981 3241 1236 3314 ἑωυτοῦ
1275 3241 1472 3322 τάξιν.

107 3382 162 3432 25
339 3361 423 3434 Οἱ
481 3362 556 3435 δὲ
604 3363 972 3462 στρατηγοὶ
1024 3368 1156 3431 τῶν
1185 3351 1583 3461 Ἀθηναίων
1637 3359 1950 3440 ἐλθόντες
1997 3359 2107 3432 ἐπὶ
2145 3361 2219 3429 τδ
2257 3356 2466 3437 δεξιὸν
2499 3370 2582 3431 46

397 3653 481 3704 13.
522 3649 621 3721 ἅμ’
658 3681 689 3691 ..
724 3648 987 3704 ποιέεσθαι
1020 3649 1260 3703 Lexicon
1299 3649 1538 3703 Vindob.
1578 3666 1634 3719 p.
1665 3651 1748 3701 51.
1792 3676 1853 3687 —
1896 3650 1977 3700 16.
2026 3647 2274 3711 (Photius
2308 3665 2358 3699 v.
2387 3646 2471 3699 λι-

290 3720 518 3794 παρέετε.
572 3719 767 3774 Suidas
791 3737 843 3773 v.
872 3719 1123 3791 λιπαρεῖν)

295 3877 342 3929 2.
383 3874 580 3931 ἐθέλειν
619 3893 705 3946 σφι
747 3876 813 3939 0,
870 3875 1038 3930 ἐθέλει
1071 3893 1099 3927 σ
1143 3875 1236 3927 ίσιν
1273 3877 1333 3936 b,
1387 3872 1557 3927 ἐθέλει
1628 3872 1718 3943 ησὶ
1752 3890 1779 3923 2:
1847 3875 1870 3935 ΙΙ
1942 3876 1992 3923 3.
2034 3870 2214 3924 ἕποντο
2258 3870 2410 3925 (3¹sz
2454 3870 2475 3937 ΙΙ

203 3945 246 3993 5.
281 3944 401 3998 τάδε
425 3946 489 3999 τὰ
515 3944 642 3998 ἔπεα
667 3944 720 3997 R
767 3947 790 4010 11
835 3893 1140 4014 τίθημιδῗι
1203 3946 1251 3996 ’7.
1291 3942 1380 3997 καὶ
1404 3959 1511 3995 om.
1550 3942 1598 3996 C
1723 3944 1745 4006 ΙΙ
1806 3939 1864 3994 οὐ
1893 3940 1947 3992 δὲ
1971 3939 2115 4009 γὰοε
2162 3940 2185 4004 ΙΙ
2233 3940 2281 3989 9.
2324 3938 2473 3991 ἐλευ-

201 4010 426 4085 οεριηςιυ
470 4017 493 4081 ιι
539 4014 619 4065 10.
662 4012 912 4083 ελοιμιη
956 4015 979 4076 ιι
1031 4015 1111 4065 12.
1154 4011 1210 4065 δε
1236 4012 1284 4066 01
1309 4028 1414 4065 om.
1448 4012 1505 4064 R
1563 4013 1586 4075 ιι
1649 4010 1743 4079 μὲν
1766 4008 1912 4062 τάκ
1957 4010 1981 4074 ιι
2033 3987 2112 4059 ia.
2155 4006 2374 4076 ἅμαιι,
2418 4007 2472 4059 ἐν

201 4082 324 4136 Lex.
369 4082 535 4138 Vind.
597 4086 620 4148 11
685 4082 1069 4151 διαφωσκούσηι
1104 4081 1209 4135 Αἳι
1251 4079 1620 4153 διαφασκούσηι
1653 4080 1805 4132 A1B.
1860 4077 1993 4131 Lex.
2025 4075 2211 4137 vind„
2254 4075 2474 4145 διαφαυ-

207 4151 383 4226 σκοὺσῃ
409 4151 513 4207 reli
553 4152 609 4204 ui
667 4154 690 4216 ΙΙ
751 4149 981 4219 συμβουλ
1020 4170 1047 4201 ν
1075 4152 1131 4204 R
1200 4154 1222 4215 ΙΙ
1290 4152 1367 4202 14.
1406 4146 1792 4219 καταρρώιδηκε
1819 4146 1896 4209 Ρ,
1936 4143 2329 4216 καταρρωδήκεε
2357 4143 2411 4193 R
2468 4143 2476 4241 1

207 4218 345 4273 συλλε
416 4239 471 4275 τε
560 4261 573 4284 ,
604 4218 797 4291 συναχθ
838 4237 892 4271 τε
918 4238 945 4272 z
992 4223 1002 4285 Ι
1075 4222 1152 4271 15.
1194 4226 1293 4287 ἄρα
1319 4220 1428 4272 AB
1490 4220 1512 4283 ΙΙ
1580 4219 1658 4269 16.
1701 4220 1918 4268 ποιεῖται
1943 4217 1991 4279 b,
2020 4220 2222 4283 ποιῆται
2247 4220 2409 4266 oeten
2469 4248 2475 4279 ,

213 4290 285 4342 17.
323 4290 350 4343 ὁ
385 4290 507 4361 ίγων
533 4289 583 4343 L
631 4292 653 4355 ΙΙ
701 4289 821 4343 ὁπό
884 4308 979 4357 μσς
1002 4288 1125 4357 ὑμῖν
1151 4289 1181 4343 b
1229 4291 1250 4353 ΙΙ
1304 4289 1383 4338 1⁴3.
1409 4286 1810 4357 τελευτήισηιΒ
1857 4284 1879 4348 ΙΙ
1932 4285 2010 4335 19.
2042 4282 2136 4351 ἐμὲ
2169 4281 2216 4334 C
2258 4283 2281 4346 ΙΙ
2329 4280 2473 4350 ἔργον

209 4406 332 4462 οὕτω
356 4409 426 4474 R,
455 4414 606 4464 τοῦτο
628 4411 686 4463 τὸ
711 4409 858 4479 ἔργον
885 4406 1017 4460 οὕτω
1041 4426 1067 4459 z
1114 4410 1136 4472 ΙΙ
1184 4408 1266 4459 22.
1310 4354 1627 4475 οἱββάρβαροι
1660 4371 1898 4475 ἐξέίφνης
1925 4401 1988 4465 Ρ,
2018 4401 2066 4454 οἱ
2092 4401 2335 4471 βάρβαροι
2355 4397 2474 4452 sine

211 4475 434 4551 ἐξαίφνης
463 4479 517 4530 R
562 4483 584 4543 ΙΙ
632 4480 764 4548 fist]
787 4478 848 4538 P,
879 4477 952 4547 μὴ
979 4476 1034 4529 δὲ
1059 4478 1088 4529 b
1137 4479 1160 4542 ΙΙ
1208 4476 1291 4526 225.
1332 4474 1612 4527 άπὲλαυνεν
1638 4474 1697 4526 R

304 4581 553 4623 Herodotus
580 4580 639 4622 11.
1994 4558 2060 4606 25
