3059 5125
1111 332 1512 394 —A—
2374 329 2450 394 81

212 534 328 606 γης
357 508 438 606 τῇ
476 505 731 606 ἔκρινάν
771 508 834 578 οἰ
867 508 993 606 τὴν
1028 504 1200 605 ὄψιν.
1258 507 1322 577 οἰ
1353 502 1430 578 δὲ
1460 504 1631 578 κατὰ
1663 501 1876 579 ταύτὰ
1904 501 2113 587 εἶπαν,
2153 504 2460 601 λέγοντες

213 631 298 709 ὡς
328 627 711 729 βασιλεῦσαι
746 635 923 728 χρῆν
956 629 1068 697 τὸν
1101 626 1333 708 παῖδα,
1389 625 1447 697 εἰ
1500 624 1805 708 ἐπέζωσε
1856 627 1967 698 καὶ
2015 626 2113 723 μὴ
2162 623 2460 698 ἀπέθανε

207 751 526 847 πρότερον.
593 747 631 819 ὁ
664 743 741 819 δὲ
771 743 1121 850 ἀμείβεται
1157 744 1403 827 αὐτοὺς
1435 745 1703 820 τοῖσιδε.
1754 738 1789 766 “
1803 744 1945 820 ἔστι
1980 769 2055 818 τε
2086 745 2124 817 ὁ
2158 750 2318 827 παῖς
2351 747 2461 817 καὶ

207 871 494 968 περίεστι,
548 871 659 939 καί
718 893 831 962 μιν
879 860 990 939 ἐπ’
1035 864 1248 965 ἀγροῦ
1307 865 1742 960 διαιτώμενον
1796 867 1860 937 οἰ
1913 864 1987 939 ἐκ
2038 874 2164 968 τῆς
2219 869 2463 965 κώμης

153 1005 179 1053 5
207 989 421 1069 παῖδες
455 987 825 1087 ἐστήσαντο
863 986 1166 1089 βασιλέα.
1258 986 1296 1058 δ
1343 984 1418 1060 δὲ
1450 986 1692 1066 πάντα,
1754 985 1882 1060 ὅσα
1929 1012 2056 1087 περ
2099 986 2165 1058 οἱ
2213 982 2462 1085 ἀληθέι

205 1109 370 1207 λόγῳ
404 1107 737 1210 βασιλέες,
797 1106 1129 1181 ἐτελέωσε
1162 1110 1490 1207 ποιήσας·
1552 1108 1661 1178 καὶ
1708 1106 1835 1206 γὰρ
1892 1108 2307 1206 δορυφόρους
2355 1107 2462 1178 καὶ

149 1288 154 1293 .
202 1229 533 1329 θυρωροὺς
585 1230 695 1301 καὶ
745 1225 1285 1328 ἀγγελιηφόρους
1334 1229 1444 1300 καὶ
1485 1225 1572 1299 τὰ
1623 1223 1827 1299 λοιπὰ
1876 1227 2095 1300 πάντα
2144 1225 2463 1306 διατάξας

201 1350 377 1448 ἦρχε.
463 1350 578 1420 καὶ
627 1353 745 1419 νῦν
780 1347 852 1428 ἐς
884 1352 947 1419 τί
985 1347 1138 1442 ὑμῖν
1176 1353 1388 1420 ταῦτα
1438 1349 1742 1443 φαίνεται
1778 1346 2004 1446 φέρειν
2029 1339 2092 1433 ;”
2154 1344 2345 1420 εἶπαν
2401 1346 2465 1417 οἱ

201 1462 408 1567 Μάγοι
447 1463 558 1542 “ei
594 1467 716 1564 μὲν
751 1471 1049 1568 περίεστί
1083 1494 1157 1541 τε
1195 1470 1304 1540 καὶ
1339 1465 1738 1570 ἐβασίλευσε
1786 1465 1824 1537 ὁ
1854 1469 2015 1547 παῖς
2050 1467 2149 1564 μὴ
2181 1464 2256 1538 ἐκ
2291 1491 2463 1565 προ-

123 1605 175 1655 m
200 1593 372 1689 νοίης
402 1590 603 1670 τινός,
658 1587 910 1689 θάρσεέ
955 1614 1028 1662 τε
1062 1590 1300 1661 τούτου
1336 1584 1558 1661 εἵνεκα
1608 1589 1717 1661 καὶ
1758 1586 1973 1680 θυμὸν
2010 1583 2131 1684 ἔχε
2167 1581 2461 1682 ἀγαθόν·

199 1709 268 1781 οὐ
293 1708 416 1808 γὰρ
451 1707 557 1781 ἔτι
592 1712 671 1781 τὸ
703 1708 1012 1808 δεύτερον
1052 1705 1258 1807 ἄρξει.
1329 1707 1514 1807 παρὰ
1568 1704 1812 1807 σμικρὰ
1851 1704 1977 1806 γὰρ
2013 1708 2122 1778 καὶ
2168 1711 2301 1776 τῶν
2345 1704 2466 1776 λο-

198 1832 343 1926 γίων
379 1830 548 1928 ἡμῖν
584 1827 732 1901 ἔνια
768 1833 1139 1928 κεχώρηκε,
1199 1831 1310 1901 καὶ
1344 1825 1428 1902 τά
1460 1853 1540 1928 γε
1573 1835 1711 1900 τῶν
1764 1825 2120 1927 ὀνειράτων
2171 1824 2467 1923 ἐχόμενα

197 1948 430 2030 τελέως
465 1947 544 2030 ἐς
579 1945 867 2030 ἀσθενὲς
902 1936 1233 2049 ὄρχεται.”
1312 1944 1664 2050 ἀμείβεται
1701 1948 1739 2020 ὁ
1767 1941 2157 2044 Ἀστυάγης
2190 1946 2460 2019 τοῖσιδε.

190 2056 338 2142 “zai
373 2069 582 2149 αὐτὸς
617 2070 677 2141 ὦ
709 2062 938 2166 Μάγοι
989 2069 1203 2167 ταύτῃ
1258 2068 1576 2149 πλεῖστος
1610 2072 1895 2167 γνώμην
1934 2067 2090 2161 εἰμί,
2148 2065 2467 2169 βασιλέος

119 2204 170 2256 15
197 2188 684 2285 ὀνομασθέντος
716 2191 838 2260 τοῦ
872 2186 1113 2269 παιδὸς
1148 2185 1406 2287 ἐξήκειν
1442 2215 1517 2262 τε
1563 2191 1680 2262 τὸν
1719 2185 1972 2287 ὄνειρον
2017 2189 2126 2260 καί
2183 2213 2297 2281 μοι
2348 2190 2464 2259 τὸν

196 2311 389 2383 παῖδα
423 2314 666 2382 τοῦτον
704 2306 871 2383 εἶναι
903 2308 1121 2381 δεινὸν
1159 2306 1258 2381 ἔτι
1294 2307 1512 2381 οὐδέν.
1601 2309 1790 2402 ὅμως
1842 2308 1966 2402 μέν
2016 2308 2094 2407 γέ
2140 2332 2245 2380 τοι
2293 2333 2466 2402 συμ-

198 2426 604 2530 βουλεύσατέ
647 2454 759 2522 μοι
812 2427 887 2500 εὖ
935 2427 1527 2528 περισκεψάμενοι,
1585 2425 1668 2499 τὰ
1716 2425 1952 2522 μέλλει
1984 2425 2468 2525 ἀσφαλέστατα

196 2547 351 2624 εἶναι
383 2551 553 2647 οἴκῳ
587 2574 662 2621 τε
698 2549 798 2647 τῷ
825 2547 975 2646 ἐμῷ
1013 2550 1124 2622 καὶ
1163 2540 1376 2644 ὑμῖν.”
1457 2545 1653 2621 εἶπαν
1689 2548 1860 2647 πρὸς
1892 2551 2103 2621 ταῦτα
2139 2550 2202 2621 οἰ
2237 2542 2469 2647 Μάγοι

186 2656 289 2741 “‹3›
323 2669 630 2773 βασιλεῦ,
668 2671 776 2742 καὶ
810 2668 1074 2741 αὐτοῖσι
1108 2670 1270 2768 ἡμῖν
1307 2671 1461 2767 περὶ
1494 2668 1755 2741 πολλοῦ
1791 2668 1935 2742 ἐστι
1972 2668 2468 2768 κατορθοῦσθαι

113 2806 166 2858 20
195 2787 402 2891 ἀρχὴν
432 2792 567 2889 τὴν
603 2792 754 2887 σήν.
829 2793 1063 2872 κείνως
1119 2788 1243 2885 μὲν
1294 2788 1422 2889 γὰρ
1470 2785 1935 2888 ἀλλοτριοῦται
1984 2787 2055 2869 ἐς
2101 2791 2214 2862 τὸν
2257 2788 2469 2861 παῖδα

195 2917 415 2984 τοῦτον
474 2912 834 3008 περιιοῦσα
895 2908 1092 2982 ἐόντα
1155 2907 1431 3009 Πέρσην
1452 2966 1466 2991 ,
1538 2910 1648 2981 καὶ
1699 2908 1902 3008 ἡμεῖς
1955 2907 2179 2989 ἐόντες
2236 2903 2469 3010 Μῆδοι

196 3028 616 3125 δουλούμεθά
664 3054 736 3100 τε
793 3029 902 3101 καὶ
949 3027 1154 3127 λόγου
1204 3026 1476 3109 οὐδενὸς
1524 3026 1854 3127 γινόμεθα
1902 3031 2073 3127 πρὸς
2120 3025 2464 3127 Περσέων,

195 3149 409 3232 ἐόντες
441 3150 687 3232 ξεῖνοι·
743 3147 861 3221 σέο
898 3137 962 3220 δ’
1007 3148 1408 3229 ἐνεστεῶτος
1453 3146 1790 3250 βασιλέος,
1833 3146 2062 3229 ἐόντος
2095 3147 2463 3248 πολιήτεω,

196 3271 294 3341 καὶ
329 3267 637 3369 ἄρχομεν
671 3269 748 3339 τὸ
799 3268 1004 3368 μέρος
1053 3270 1162 3341 καὶ
1210 3265 1406 3363 τιμὰς
1451 3270 1623 3367 πρὸς
1678 3268 1795 3341 σέο
1846 3266 2144 3366 μεγάλας
2195 3267 2465 3367 ἔχομεν.

113 3403 167 3453 ²⁵
197 3387 366 3462 οὕτω
421 3391 518 3461 ὧν
570 3387 847 3469 πάντως
907 3390 1071 3489 ἡμῖν
1131 3387 1250 3459 σέο
1308 3390 1418 3460 καὶ
1465 3397 1591 3489 τῆς
1642 3397 1771 3488 σῆς
1824 3386 2045 3489 ἀρχῆς
2094 3386 2467 3489 προοπτέον

198 3507 345 3582 ἐστί.
420 3510 535 3581 καὶ
570 3512 688 3579 νῦν
719 3507 778 3580 εἰ
813 3507 1102 3610 φοβερόν
1146 3532 1209 3580 τι
1245 3507 1625 3608 ἐνωρῶμεν,
1680 3512 1811 3581 πᾶν
1849 3505 1930 3581 ἂν
1967 3510 2074 3582 σοὶ
2120 3505 2469 3608 προεφρά-

199 3627 412 3722 ζομεν.
490 3633 608 3699 νῦν
642 3626 719 3700 δὲ
770 3624 1291 3727 ἀποσκήψαντος
1331 3632 1454 3700 τοῦ
1509 3626 1816 3701 ἐνυπνίου
1865 3626 1937 3709 ές
1972 3626 2252 3725 φαῦλον·
2281 3625 2470 3699 αὐτοί

1505 4230 1559 4283 L

1482 4298 1689 4420 {auo
1626 4366 1767 4421 ⁸213
1811 4370 1835 4434 Ι
1867 4297 2471 4490 άνστεὸντοςθηΐὲα

1463 4437 1585 4490 Rdz
1675 4439 1698 4501 ΙΙ
1793 4439 1860 4490 26
1918 4439 2192 4509 ἐνωρῶμω
2214 4436 2335 4492 Lha
2404 4453 2463 4507 y·

1443 4505 1529 4559 27.
1569 4504 1795 4578 φλαῦρον
1820 4507 1942 4560 Rdz

300 4605 565 4648 Herodotus.
2024 4613 2057 4664 6
