3059 5125
1316 384 1608 440 Praefatio.
2540 406 2612 449 Ιχ

320 565 683 657 abreptus
772 560 1229 657 aliquamdiu
1313 562 1396 634 in
1480 562 1885 634 Germania
1968 563 2165 658 apud
2246 561 2613 634 Batonem

323 689 887 787 Guestphalum
922 693 1012 764 de
1038 689 1626 765 Schellersheim.
1693 716 1738 761 a
1764 715 1912 786 quo
1940 691 2239 765 devenit
2263 693 2357 764 ad
2383 690 2613 767 Creu-

320 845 580 895 zetum
630 843 780 893 una
830 845 998 892 cum
1047 821 1296 894 codice
1345 821 1525 893 item
1560 818 1991 894 Florentino
2033 818 2311 894 scholia
2344 820 2613 894 Hesio-

319 951 471 1022 dea
505 950 956 1023 continenti:
1011 952 1102 1023 de
1140 975 1289 1045 quo
1332 958 1622 1044 praeter
1656 947 2163 1023 Gaisfordium
2212 950 2373 1044 ipse
2421 976 2609 1024 non-

317 1076 540 1152 nulla
608 1079 925 1152 Creuzer
1004 1087 1359 1152 memorat
1440 1080 1523 1152 in
1608 1075 1884 1177 sylloge
1952 1078 2435 1175 epistularum
2519 1082 2613 1152 ad

315 1209 845 1282 Hermannum
921 1209 1257 1281 datarum
1315 1233 1386 1304 p.
1450 1209 1616 1281 147.
1679 1209 1847 1281 170.
1909 1209 2089 1283 195:
2173 1211 2267 1281 ab
2329 1208 2459 1282 illo
2519 1212 2614 1283 ad

317 1337 1110 1434 Schweighaeuserum
1129 1392 1148 1424 ,
1214 1337 1425 1410 cuius
1476 1338 1661 1410 haec
1722 1339 1813 1411 de
1863 1361 1953 1410 ea
1997 1362 2078 1410 re
2128 1340 2355 1411 verba
2413 1346 2606 1411 sunt.

303 1453 327 1482 ‘
351 1469 851 1540 Accesserunt
907 1466 1233 1560 primum
1292 1490 1335 1539 e
1395 1468 1948 1541 membranaceo
1998 1475 2290 1541 vetusto
2340 1467 2611 1540 Codice

319 1594 589 1668 Italico
610 1651 631 1683 ,
715 1596 1088 1690 integrum
1158 1595 1551 1690 Scriptoris
1623 1596 1858 1669 nostri
1927 1619 2112 1690 opus
2181 1596 2607 1685 exhibente,

315 1749 571 1820 neque
623 1747 974 1820 umquam
1026 1733 1244 1802 antea
1287 1749 1620 1811 excusso,
1673 1732 2061 1819 excerptae
2096 1725 2515 1813 Lectiones,
2567 1751 2612 1798 a

316 1853 720 1941 Creuzero,
773 1876 1000 1948 penes
1043 1877 1264 1947 quem
1312 1862 1492 1926 tunc
1540 1854 1603 1925 is
1654 1855 1884 1926 codex
1929 1865 2084 1927 erat
2102 1908 2121 1941 ,
2174 1852 2369 1926 ultro
2417 1855 2609 1927 mihi

313 1981 651 2071 oblatae3
705 2005 1054 2079 moxque,
1104 1983 1325 2056 venia
1371 1984 1466 2055 ab
1501 1981 1770 2055 illustri
1805 1984 2395 2056 membranarum
2439 2008 2608 2078 pos-

312 2135 602 2185 sessore
620 2166 639 2197 ,
709 2111 982 2184 Libero
1030 2110 1320 2185 Barone
1384 2113 1475 2184 de
1539 2109 2099 2185 Schellersheim
2117 2167 2136 2200 ,
2207 2112 2609 2208 Eisbergae

313 2239 786 2335 aliorumque
833 2241 917 2313 in
965 2238 1442 2336 Westphalia
1486 2237 1813 2313 locorum
1862 2242 2185 2328 domino,
2236 2265 2369 2335 per
2416 2243 2609 2315 eius-

314 2372 498 2442 dem
534 2369 877 2443 Creuzeri
911 2369 1113 2464 apud
1142 2368 1361 2442 illum
1409 2370 1719 2466 gratiam
1769 2378 1846 2443 et
1892 2369 1973 2441 in
2008 2393 2128 2443 me
2160 2369 2607 2445 benevolen-

313 2499 514 2573 tiam
547 2499 963 2595 impetrata,
997 2499 1203 2595 ipsae
1237 2496 1408 2574 illae
1433 2498 2100 2594 praestantissimae
2124 2498 2607 2575 Membranae

314 2630 426 2702 ad
455 2653 578 2701 me
612 2629 1104 2716 transmissae,
1132 2652 1530 2725 earumque
1568 2652 1792 2701 usura
1825 2629 1908 2701 in
1943 2637 2232 2702 tantum
2262 2630 2606 2725 temporis

311 2758 671 2854 spatium,
722 2766 1082 2853 quantum
1129 2757 1318 2830 mihi
1368 2758 1512 2852 ipsi
1545 2760 2009 2831 commodum
2044 2759 2286 2831 visum
2319 2757 2605 2847 fuisset,

313 2911 554 2981 supra
601 2911 820 2983 quam
865 2886 1012 2959 dici
1057 2894 1301 2983 potest
1340 2884 1746 2961 liberaliter
1782 2889 2150 2960 concessa’
2188 2886 2421 2983 (Tom.
2462 2884 2526 2971 I,
2562 2886 2593 2957 1

309 3042 399 3114 p.
423 3015 584 3112 VI).
638 3002 656 3031 ‘
674 3016 919 3098 Quem
953 3016 1278 3090 codicem
1311 3024 1491 3089 nota
1517 3016 1612 3089 F.
1645 3016 1976 3105 distinxi,
2003 3018 2604 3090 membranaceus

309 3144 456 3220 ille
494 3154 627 3232 est,
664 3142 838 3217 olim
874 3142 1371 3234 Florentinus,
1421 3145 1632 3218 cuius
1668 3170 1971 3218 usuram
2005 3147 2099 3218 ad
2132 3146 2336 3218 hunc
2371 3167 2606 3240 usque

312 3276 529 3348 diem
576 3274 675 3369 (h.
717 3299 780 3346 e.
822 3276 916 3346 ad
949 3298 1229 3347 annum
1271 3274 1492 3369 1816)
1529 3273 1732 3376 ⁶mihi
1781 3298 2195 3348 concessam
2246 3274 2604 3347 Creuzero

315 3405 587 3490 debeo,
637 3411 715 3476 et
759 3401 1070 3475 illustris
1105 3400 1699 3476 Schellershemii
1745 3403 2129 3480 beneficio'
2177 3401 2410 3499 (Tom.
2451 3403 2516 3488 I,
2555 3404 2601 3476 2

311 3559 398 3631 p.
418 3530 740 3605 XXXV
767 3531 929 3628 sq.).
987 3555 1028 3604 e
1048 3531 1450 3636 Germania
1475 3515 1699 3627 atque
1725 3558 1767 3606 e
1795 3528 2411 3605 Schellersheimii
2437 3554 2605 3626 pos-

311 3661 643 3737 sessione
670 3661 874 3733 haud
897 3658 1253 3757 legitima,
1280 3670 1368 3736 ut
1392 3661 1676 3756 opinor,
1706 3685 1854 3757 qua
1886 3661 2011 3733 via
2045 3660 2343 3734 cuiusve
2380 3684 2607 3756 opera

311 3802 401 3869 et
447 3790 970 3864 intercessione
1015 3791 1247 3863 codex
1282 3789 1728 3865 Florentiam
1769 3791 2131 3876 remearit,
2184 3814 2337 3863 non
2372 3792 2603 3885 magis

310 3920 645 4016 comperi
680 3944 904 4016 quam
939 3917 1147 3993 illinc
1184 3943 1329 4014 quo
1365 3928 1581 4016 pacto
1617 3917 1886 3993 auferri
1911 3919 2265 4014 potuerit:
2302 3944 2440 3992 nec
2475 3919 2605 4014 qui

306 4048 813 4127 bibliothecae
837 4049 1408 4136 Laurentianae,
1444 4049 1527 4122 in
1555 4073 1773 4144 quam
1808 4047 1936 4122 ille
1972 4059 2139 4145 post
2175 4050 2605 4124 diuturnum

309 4178 637 4257 exilium
682 4175 955 4252 relatus
1015 4186 1127 4251 est
1142 4234 1157 4261 ,
1223 4176 1350 4250 illo
1410 4179 1572 4273 ipso
1635 4186 1965 4274 tempore
2027 4174 2348 4273 praefuit
2406 4186 2603 4252 cata-

306 4310 722 4407 logumque
771 4331 1200 4404 graecorum
1249 4308 1582 4381 codicum
1641 4307 2222 4381 adventiciorum
2268 4315 2602 4381 accurate

307 4435 813 4534 perscriptum
859 4435 1186 4532 reliquit,
1249 4437 1677 4511 Franciscus
1727 4439 1818 4510 de
1868 4436 2112 4522 Furia,
2160 4461 2318 4510 rem
2367 4438 2603 4531 suspi-

307 4566 544 4643 tionis
578 4564 880 4663 plenam
913 4564 1327 4639 illustravit.
1409 4567 1569 4662 ipse
1606 4591 1778 4640 eum
1810 4590 1944 4661 per
1978 4567 2159 4639 duos
2192 4564 2418 4639 libros
2455 4563 2603 4657 pri-
