3059 5125
611 313 739 376 202
1555 312 1946 375 -Β-

613 490 784 561 εἴπω
839 489 994 585 περὶ
1051 493 1183 558 τῶν
1245 484 1541 585 Κόλχων
1565 544 1579 568 ,
1648 489 1744 567 ως
1798 482 2209 584 Αἰγυπτίοισι
2262 488 2679 587 προσφερέες
2726 489 2838 560 εἰσί.

614 607 795 680 λίνον
835 612 1068 702 μοῦνοι
1105 605 1288 679 οὗτοί
1335 631 1410 679 τε
1461 608 1571 678 καὶ
1609 601 1955 704 Αἰγύπτιοι
2006 605 2399 704 ἐργάζονται
2450 608 2621 681 κατὰ
2654 607 2839 686 ταύτό..

614 731 722 801 καὶ
779 729 826 826 ἡ
882 728 1009 825 ζόη
1075 730 1261 801 πᾶσα
1320 729 1429 798 καὶ
1485 726 1531 825 ἠ
1596 723 1878 824 γλῶσσα
1935 725 2242 826 ἐμφερής
2304 725 2449 801 ἐστι
2507 725 2840 827 ἀλλήλοισι.

612 848 790 919 λίνον
828 844 905 918 δέ
939 847 1016 917 τὸ
1055 843 1172 940 μὲν
1213 843 1549 944 Κολχικὸν
1603 843 1732 917 ὑπὸ
1763 832 2127 944 Ἑλλήνων
2164 845 2588 945 Σαρδωνικὸν
2639 846 2843 945 κέκλη-

611 993 738 1048 ται,
770 969 846 1040 τὸ
878 965 1103 1062 μέντοι
1133 954 1248 1038 ἀπ’
1290 961 1625 1064 Αἰγύπτου
1659 961 2135 1060 ἀπικνεύμενον
2171 964 2477 1041 καλέεται
2500 962 2840 1066 Αἰγύπτιον.
2886 979 2905 1026 ⁵

483 1102 602 1164 106
621 1090 692 1160 αἱ
729 1084 805 1159 δέ
841 1087 1084 1187 στῆλαι
1119 1086 1238 1166 τὰς
1275 1083 1425 1161 ἵστα
1474 1083 1644 1159 κατὰ
1690 1083 1807 1166 τὰς
1854 1090 2087 1185 χώρας
2122 1086 2159 1158 ὁ
2198 1083 2537 1184 Αἰγύπτου
2573 1087 2846 1190 βασιλεὺς

614 1207 1014 1303 Σέσωστρις,
1073 1208 1141 1279 αἰ
1191 1204 1314 1301 μὲν
1363 1206 1650 1289 πλεῦνες
1688 1205 1909 1279 οὐκέτι
1952 1211 2300 1303 φαίνονται
2348 1214 2744 1305 περιεοῦσαι.
2792 1206 2847 1280 ἐν

615 1332 691 1404 δὲ
721 1332 808 1431 τῇ
835 1328 1257 1426 Παλαιστίνῃ
1287 1326 1499 1426 Συρίῃ
1536 1327 1736 1409 αὐτὸς
1767 1329 1964 1426 ὥρων
1998 1327 2241 1408 ἐούσας
2271 1329 2379 1400 καὶ
2412 1325 2494 1399 τὰ
2524 1329 2846 1426 γράμματα

614 1450 698 1523 τὰ
743 1447 1068 1551 εἰρημένα
1118 1446 1385 1520 ἐνεόντα
1428 1448 1539 1521 καὶ
1582 1449 1886 1545 γυναικὸς
1941 1446 2183 1520 αἰδοῖα.
2275 1447 2401 1521 εἰσὶ
2451 1446 2527 1521 δὲ
2577 1450 2683 1521 καὶ
2724 1448 2847 1544 περὶ

604 1563 875 1670 Ἰωνίην
942 1569 1062 1640 δύο
1125 1569 1324 1640 τύποι
1379 1566 1450 1639 ἐν
1514 1567 1804 1666 πέτρῃσι
1856 1567 2419 1666 ἐγκεκολαμμένοι
2471 1570 2707 1640 τούτου
2757 1571 2848 1637 τοῦ
2874 1577 2911 1627 ¹⁰

614 1689 870 1789 ἀνδρός.
928 1692 1015 1788 τῇ
1066 1713 1137 1760 τε
1173 1686 1248 1759 ἐκ
1283 1694 1409 1787 τῆς
1434 1676 1773 1788 Ἐφεσίης
1808 1688 1879 1770 ἐς
1913 1684 2227 1760 Φώκαιαν
2271 1686 2586 1787 ἔρχονται
2643 1691 2745 1762 καὶ
2782 1690 2849 1785 τῇ

614 1811 688 1885 ἐκ
733 1809 1041 1907 Σαρδίων
1110 1806 1180 1888 ές
1230 1806 1571 1907 Σμύρνην.
1675 1806 2044 1907 ἑκατέρωθι
2097 1806 2174 1879 δὲ
2228 1804 2401 1907 ἀνὴρ
2454 1808 2850 1907 ἐγγέγλυπται

615 1930 914 2028 μέγαθος
947 1929 1264 2027 πέμπτης
1298 1927 1669 2028 σπιθαμῆς,
1702 1931 1789 2028 τῇ
1825 1923 1961 2022 μέν’
1981 1927 2166 2026 δεξιῇ
2198 1930 2376 2026 χειρὶ
2412 1926 2596 2027 ἔχων
2630 1930 2849 2026 αἰχμὴν

613 2054 699 2149 τῇ
739 2048 813 2121 δὲ
859 2046 1178 2148 ἀριστερῇ
1227 2046 1406 2131 τόξα,
1466 2050 1578 2120 καὶ
1619 2050 1743 2147 τὴν
1799 2047 2017 2147 ἄλλην
2066 2050 2310 2145 σκευὴν
2362 2051 2716 2130 ὡσαύτως·
2766 2048 2851 2118 καὶ

613 2170 740 2269 γὰρ
781 2165 1147 2267 Αἰγυπτίην
1188 2169 1298 2240 καὶ
1335 2164 1695 2240 Αἰθιοπίδα
1732 2166 1911 2267 ἔχει·
1982 2167 2058 2241 ἐκ
2111 2165 2188 2239 δὲ
2241 2174 2361 2240 τοῦ
2410 2169 2601 2262 ὤμου
2651 2169 2718 2250 ἐς
2760 2169 2848 2239 τὸν
2876 2180 2913 2232 ¹³

615 2288 843 2388 ἕτερον
880 2287 1064 2383 ὦμον
1104 2286 1212 2360 διὰ
1245 2296 1380 2360 τῶν
1416 2287 1733 2386 στηθέων
1771 2288 2136 2386 γράμματα
2173 2285 2283 2386 ἱρὰ
2312 2284 2636 2386 Αἰγύπτια
2671 2289 2853 2385 διήκει

613 2407 1179 2508 ἐγκεκολαμμένα,
1214 2406 1499 2506 λέγοντα
1529 2406 1714 2481 τάδε.
1758 2395 1793 2423 “
1809 2406 1947 2505 ἐγὼ
1977 2407 2178 2506 τήνδε
2209 2409 2335 2505 τὴν
2373 2411 2609 2506 χώρην
2643 2410 2851 2502 ὤμοισι

612 2529 785 2603 τοῖσι
821 2527 1043 2623 ἐμοῖσι
1085 2519 1548 2628 ἐκτησάμην.”
1648 2527 1831 2609 ὅστις
1866 2526 1943 2600 δὲ
1978 2529 2086 2600 καὶ
2122 2527 2358 2601 ὁκόθεν
2396 2527 2555 2607 ἐστί.
2597 2527 2852 2601 ἐνθαῦτα

616 2648 739 2746 μὲν
780 2649 860 2722 οὐ
897 2648 1114 2747 δηλοῖ,
1157 2648 1439 2748 ἑτέρωθι
1480 2648 1555 2722 δέ
1594 2648 1959 2748 δεδήλωκε.
2050 2648 2133 2721 τὰ
2183 2647 2269 2747 δὴ
2321 2649 2432 2720 καὶ
2478 2648 2851 2746 μετεξέτερα

612 2778 747 2843 τῶν
785 2768 1236 2869 θεησαμένων
1279 2764 1637 2863 Μέμνονος
1686 2768 1905 2841 εἰκόνα
1951 2766 2283 2849 εἰκάζουσί
2334 2795 2444 2863 μιν
2480 2767 2663 2849 εἶναι,
2708 2764 2849 2839 πολ-
2876 2778 2918 2829 2·

613 2889 730 2961 λὸν
770 2898 895 2990 τῆς
930 2886 1269 2988 ἀληθείης
1303 2885 1889 2982 ἀπολελειμμένοι.

485 3020 599 3080 107
768 3006 1020 3081 Τοῦτον
1079 3008 1162 3108 δὴ
1223 3011 1334 3081 τὸν
1396 3003 1754 3106 Αἰγύπτιον
1800 3007 2181 3108 Σέσωστριν
2244 3005 2707 3108 ἀναχωρέοντα
2758 3006 2855 3079 καί

615 3127 951 3226 ἀνάγοντα
998 3126 1298 3209 πολλοὺς
1352 3124 1751 3227 ἀνθρώπους
1804 3136 1937 3199 τῶν
1995 3128 2246 3201 ἐθνέων
2302 3137 2438 3200 τῶν
2489 3127 2606 3209 τὰς
2652 3130 2853 3225 χώρας

614 3248 1125 3349 κατεστρέψατο,
1168 3246 1401 3346 ἔλεγον
1442 3249 1504 3318 οἱ
1542 3246 1733 3345 ίρέες,
1774 3247 1990 3320 ἐπείτε
2029 3249 2285 3346 ἐγίνετο
2321 3245 2853 3342 ἀνακομιζόμενος

613 3368 683 3441 ἐν
721 3364 1048 3465 Δάφνῃσι,
1072 3370 1227 3466 τῇσι
1267 3365 1717 3466 Πηλουσίῃσι,
1758 3369 1869 3438 τὸν
1910 3364 2237 3477 ἀδελῠφεὸν
2277 3368 2556 3451 ἑωυτοῦ,
2596 3369 2691 3464 τῷ
2718 3361 2848 3438 ἐπέ-
2877 3376 2919 3427 25

613 3489 812 3586 τρέψε
873 3488 910 3559 ὁ
956 3486 1340 3586 Σέσωστρις
1392 3489 1515 3587 τὴν
1570 3483 1922 3584 Αἴγυπτον,
1983 3493 2219 3562 τοῦτον
2273 3487 2385 3563 ἐπὶ
2436 3489 2639 3572 ξείνια
2682 3484 2847 3560 αὐτὸν

819 3781 871 3832 4.
910 3777 1110 3832 Pollux
1132 3778 1179 3831 V
1205 3779 1289 3830 26.
1330 3807 1397 3817 -
1438 3778 1519 3831 13.
1561 3776 1869 3833 Priscianus
1893 3778 1962 3833 de
1986 3779 2078 3848 fig.
2107 3796 2257 3834 num.
2293 3780 2354 3831 17

720 3954 761 4003 1.
809 3950 1116 4024 προσφορέες
1145 3953 1197 4006 0
1232 3953 1254 4017 11
1302 3954 1352 4005 2.
1386 3950 1541 4006 λίνων
1568 3952 1623 4006 P
1665 3955 1687 4017 11
1742 3950 1892 4018 κατὰ]
1919 3950 2009 4005 καὶ
2031 3952 2164 4007 κατὰ
2187 3953 2355 4008 ABG
2395 3956 2418 4019 11
2469 3952 2537 4007 τὰ
2560 3949 2783 4007 aenam
2832 3950 2837 4003 Ι

610 4075 657 4125 3.
697 4040 803 4143 εἶιη
836 4074 893 4137 cv,
927 4073 1036 4143 ςώη
1065 4072 1138 4137 R,
1178 4072 1287 4141 ζωὴ
1314 4073 1353 4125 a
1394 4075 1417 4139 n
1464 4078 1586 4125 πᾶσι
1613 4073 1651 4126 «ι
1693 4074 1716 4138 n
1762 4072 1861 4126 ἀλ).
1900 4072 2019 4147 λῃσι
2048 4073 2194 4127 mea
2253 4075 2276 4138 fl
2334 4075 2384 4127 ⁴.
2424 4066 2839 4145 ωρεωιιὸνκὰ

609 4141 808 4196 Pollux
873 4142 896 4204 11
966 4144 1014 4196 5.
1056 4140 1419 4210 ἀπικνεόμενον
1446 4142 1544 4195 Ra
1597 4145 1619 4205 11
1679 4145 1729 4194 6.
1769 4142 1861 4202 τὰς
1920 4142 2160 4213 ὲστήλας
2186 4143 2283 4196 Ra
2336 4145 2360 4209 11
2416 4141 2539 4215 ἵστη
2568 4144 2622 4197 R
2676 4146 2696 4207 fl
2744 4132 2844 4191 κατὰ

609 4213 782 4282 χώρας
810 4211 875 4273 P,
915 4211 1046 4263 κατὰ
1068 4213 1242 4283 χώραν
1268 4230 1293 4263 z
1384 4214 1406 4275 11
1502 4214 1552 4264 8.
1592 4212 1740 4284 ὥρων
1764 4213 1952 4267 AGP=
1992 4214 2124 4278 ὦρον
2151 4214 2222 4276 Β,
2251 4212 2385 4284 ὁρῶν
2411 4213 2525 4276 Ra,
2657 4232 2721 4266 ων
2741 4229 2763 4261 2
2830 4202 2845 4251 3*

616 4280 694 4331 11.
842 4298 893 4332 αι
912 4276 1295 4353 ἀνέρχονταιΒ,
1320 4276 1563 4333 Φώκαιαν
1586 4280 1918 4354 κατέρχονται
1942 4300 1969 4334 z
2006 4284 2028 4346 11
2072 4284 2149 4334 12.
2178 4281 2496 4354 ἑκατέρωθεν
2520 4302 2575 4337 oz
2670 4282 2739 4333 1³.
2760 4272 2843 4348 χερὶ

610 4368 637 4399 z
676 4353 698 4413 11
747 4351 824 4404 14.
861 4349 1005 4410 τόξον
1031 4368 1057 4402 z
1091 4352 1113 4415 11
1150 4350 1470 4417 κατασκευὴν
1497 4351 1593 4402 Ra
1625 4353 1646 4413 11
1694 4353 1772 4401 15.
1814 4349 2075 4420 αἰθιοπίην
2100 4352 2138 4405 d
2176 4352 2199 4415 11
2246 4352 2326 4402 17.
2364 4351 2519 4419 τῆνδε
2544 4358 2595 4407 Α
2637 4354 2658 4417 11
2702 4351 2767 4400 19.
2796 4341 2843 4394 τὰ

612 4417 696 4483 δὴ]
725 4418 895 4471 καίτοι
919 4417 1060 4487 *Just
1130 4420 1152 4481 11
1227 4419 1308 4467 20.
1351 4416 1703 4487 θειησαμένων
1731 4419 1827 4472 Ra
1894 4422 1917 4483 11
1985 4419 2117 4473 πολὺ
2144 4421 2194 4474 L
2263 4421 2286 4484 11
2358 4422 2442 4473 21.
2485 4420 2731 4492 ἀληθηίης
2758 4433 2781 4467 ²
2830 4448 2837 4465 ι

612 4488 695 4543 23.
738 4485 1008 4549 πολλέαςτ
1054 4488 1076 4553 11
1125 4486 1207 4539 24.
1249 4484 1449 4562 ἐγένετο
1477 4486 1561 4544 Ra
1608 4487 1630 4555 ΙΙ
1678 4488 1763 4539 25.
1803 4487 1958 4547 αὐτοῦ
1985 4488 2156 4549 PRdz
2202 4492 2226 4558 11
2272 4491 2356 4544 26.
2398 4490 2427 4548 ὁ
2455 4508 2565 4550 om.
2595 4487 2749 4551 PR&
