3059 5125
867 243 994 305 404
1816 238 2215 307 ..Δ-..-

1069 413 1425 516 Βόσπορον
1464 416 1817 515 ἰχθυόεντα
1853 422 2252 517 γεφυρώσας
2293 414 2583 516 ἀνέθηκε

1173 532 1663 636 Μανδροκλέης
1685 532 1877 638 ’Ἥρῃ
1919 541 2353 637 μνημόσυνον
2393 536 2692 637 σχεδίης.

1067 643 1255 754 αὐτῷ
1297 654 1414 751 μὲν
1452 655 1779 755 στέφανον
1815 656 2131 756 περιθείς,
2173 657 2487 752 Σαμίοισι
2524 657 2598 730 δὲ
2637 638 2838 739 κῦδος,

1170 774 1454 877 Δαρείου
1492 776 1804 878 βασιλέος
1840 777 2193 860 ἐκτελέσας
2230 776 2397 850 κατὰ
2428 783 2603 850 νοῦν.

753 909 833 972 89
859 902 1066 969 ταῦτα
1118 896 1240 992 μέν
1289 921 1403 968 νυν
1452 900 1571 968 τοῦ
1625 897 1974 980 ζεύξαντος
2021 900 2143 996 τὴν
2194 897 2487 997 γέφυραν
2538 901 2918 997 μνημόσυνα
2947 896 3053 994 ἐγέ-

859 1043 1030 1089 νετο.
1123 1014 1408 1116 Δαρεῖος
1444 1015 1519 1089 δὲ
1557 1015 2038 1117 δωρησάμενος
2081 1012 2526 1116 Μανδροκλέα
2564 1018 2845 1121 διέβαινε
2888 1018 2948 1122 ἐς
2972 1021 3055 1115 τὴν

862 1133 1203 1235 Εὐρώπην
1226 1195 1240 1218 ,
1300 1139 1470 1209 τοῖσι
1512 1123 1705 1209 Ἴωσι
1759 1137 2215 1235 παραγγείλας
2264 1136 2493 1211 πλέειν
2563 1138 2634 1219 ἐς
2699 1140 2809 1210 τὸν
2864 1135 3056 1209 Πόντον

862 1250 1354 1357 μέχριἼστρου
1387 1260 1719 1350 ποταμοῦ,
1784 1255 1987 1329 ἐπεὰν
2038 1254 2114 1330 δὲ
2166 1254 2535 1330 ἀπίκωνται
2587 1258 2659 1339 ἐς
2704 1261 2812 1330 τὸν
2830 1250 3053 1357 Ἴστρον,

860 1376 1154 1449 ἐνθαῦτα
1209 1374 1409 1448 αὐτὸν
1463 1375 1842 1476 περιμένειν
1891 1376 2288 1474 ζευγνύντας
2337 1381 2447 1450 τὸν
2496 1382 2796 1474 ποταμόν
2817 1403 2831 1416 ·
2881 1376 3057 1473 τὸγὰρ

860 1497 947 1594 δὴ
998 1499 1299 1569 ναυτικὸν
1352 1498 1520 1596 ἧγον
1557 1490 1794 1578 Ἴωνές
1842 1521 1913 1568 τε
1964 1498 2074 1568 καὶ
2110 1493 2388 1578 Αἰολέες
2439 1499 2547 1569 καὶ
2572 1485 3056 1596 Ἑλλησπόντιοι.

859 1617 896 1686 ό
949 1613 1066 1710 μὲν
1117 1615 1202 1715 δὴ
1259 1618 1566 1698 ναυτικὸς
1606 1620 1891 1716 στρατὸς
1937 1612 2243 1696 Κυανέας
2294 1613 2715 1699 διεκπλώσας
2765 1617 2945 1690 ἔπλεε
2985 1614 3059 1686 ἰθὺ

858 1729 1281 1834 τοῦἿστρου,
1316 1732 1724 1817 ἀναπλώσας
1756 1736 1831 1810 δὲ
1863 1733 1992 1809 ἀνὰ
2022 1737 2326 1830 ποταμὸν
2362 1736 2537 1807 δυῶν
2570 1737 2878 1838 ἡμερέων
2906 1737 3059 1809 πλόον

858 1853 991 1929 ἀπὸ
1027 1854 1411 1954 θαλάσσης,
1454 1861 1573 1928 τοῦ
1608 1861 1915 1951 ποταμοῦ
1951 1857 2064 1927 τὸν
2104 1854 2381 1952 αὐχένα,
2436 1854 2509 1928 ἐκ
2558 1862 2678 1928 τοῦ
2715 1859 2983 1954 σχίζεται
3007 1850 3059 1923 τὰ

858 1978 1161 2068 στόματα
1211 1981 1330 2046 τοῦ
1373 1964 1660 2075 Ἴστρου,
1723 1975 2051 2073 ἐζεύγνυε.
2160 1973 2443 2074 Δαρεῖος
2493 1972 2567 2045 δὲ
2615 1979 2710 2058 ὡς
2759 1977 2934 2078 διέβη
2980 1978 3059 2044 τὸν

858 2093 1216 2193 Βόσπορον
1271 2092 1440 2166 κατὰ
1495 2099 1619 2195 τὴν
1674 2097 1987 2194 σχεδίην,
2046 2093 2406 2193 ἐπορεύετο
2462 2094 2571 2168 διὰ
2627 2104 2752 2197 τῆς
2805 2094 3059 2194 Θρηίκης,

859 2212 1262 2309 ἀπικόμενος
1299 2212 1374 2286 δὲ
1413 2214 1522 2286 ἐπὶ
1553 2210 1809 2313 Τεάρου
1843 2220 2152 2309 ποταμοῦ
2188 2213 2308 2294 τὰς
2342 2211 2567 2313 πηγὰς
2602 2212 3059 2315 ἐστρατοπεδεύ-

748 2345 831 2405 90
855 2359 1019 2408 σατο
1054 2334 1318 2433 ἡμέρας
1353 2336 1550 2432 τρεῖς.
1642 2336 1677 2406 ὁ
1717 2333 1791 2406 δὲ
1825 2331 2079 2434 Τέαρος
2116 2333 2379 2430 λέγεται
2435 2333 2561 2405 ὑπὸ
2608 2343 2745 2406 τῶν
2778 2337 3059 2434 περιοίκων

857 2452 1021 2526 εἶναι
1057 2459 1380 2549 ποταμῶν
1422 2453 1691 2552 ἄριστος
1724 2451 1807 2524 τά
1839 2480 1911 2527 τε
1951 2452 2125 2526 ἄλλα
2162 2453 2232 2534 ἐς
2269 2450 2487 2525 ἄκεσιν
2526 2456 2839 2554 φέροντα,
2890 2455 2977 2525 καὶ
3004 2449 3059 2543 δὴ

857 2577 966 2646 καὶ
1006 2572 1281 2675 ἀνδράσι
1318 2577 1426 2647 καὶ
1466 2572 1724 2647 ἵπποισι
1761 2577 2000 2675 ψώρην
2041 2573 2441 2648 ἀκέσασθαι.
2535 2576 2661 2648 εἰσὶ
2698 2574 2774 2648 δὲ
2817 2574 2991 2648 αὐτοῦ
3019 2571 3059 2640 αἱ

855 2698 1069 2794 πηγαὶ
1135 2693 1308 2766 δυῶν
1367 2694 1640 2766 δέουσαι
1697 2694 2215 2793 τεσσεράκοντα,
2291 2693 2364 2767 έκ
2420 2694 2679 2794 πέτρης
2735 2704 2854 2796 τῆς
2910 2691 3059 2786 αὐτῆς

857 2815 1159 2913 ῥέουσαι·
1218 2816 1326 2886 καὶ
1365 2815 1432 2885 αἱ
1470 2813 1591 2908 μὲν
1632 2812 1891 2885 αὐτέων
1929 2815 2057 2886 εἰσὶ
2093 2815 2343 2914 ψυχραὶ
2391 2816 2458 2885 αἱ
2505 2815 2577 2887 δὲ
2614 2816 2879 2914 θερμαί.
2954 2808 3059 2882 ὁδὸς

856 2921 912 3004 δ’
956 2923 1063 3005 ἐπ’
1106 2932 1309 3014 αὐτάς
1346 2932 1486 3007 ἐστι
1524 2936 1636 3031 ἴση
1679 2921 2056 3033 έΕἹΙραίου
2087 2958 2159 3005 τε
2189 2932 2423 3014 πόλιος
2455 2942 2579 3035 τῆς
2606 2932 2793 3034 παρὰ
2821 2926 3059 3031 Περίνθῳ

855 3056 965 3124 καὶ
1002 3052 1071 3132 ἐξ
1091 3042 1580 3151 Ἀπολλωνίης
1614 3061 1737 3153 τῆς
1774 3051 1842 3124 ἐν
1873 3054 1975 3149 τῷ
1999 3049 2295 3150 Εὐξείνῳ
2324 3055 2569 3150 πόντῳ,
2608 3054 2785 3126 δυῶν
2816 3045 3059 3151 ἡμερέων

855 3170 1161 3271 ἑκατέρη.
1273 3173 1529 3245 ἐκδιδοῖ
1579 3168 1654 3243 δὲ
1706 3172 1743 3241 ὁ
1797 3168 2053 3271 Τέαρος
2114 3171 2309 3253 οὗτος
2364 3172 2433 3253 ἐς
2488 3175 2602 3244 τὸν
2662 3164 3059 3245 Κοντάδεσδον

1163 3409 1389 3479 διάβασις
1415 3406 1629 3481 Δαρείου
1654 3408 1737 3461 διὰ
1758 3415 1849 3477 τοῦ
1876 3407 2143 3481 Βοσπόρου
2169 3410 2240 3470 είς
2263 3411 2359 3480 τὴν
2386 3408 2640 3483 Εὐρώπην
2781 3411 2853 3463 ὅτι
2874 3410 2899 3462 ὁ
2919 3404 3059 3471 Τέαρος

1058 3480 1149 3538 τὰς
1174 3479 1348 3551 ψώρας
1377 3478 1511 3531 ἰᾶται

1066 3705 1109 3756 1.
1169 3700 1453 3774 (Βόσπορον
1488 3732 1517 3741 -
1554 3705 1584 3752 3
1619 3702 1775 3761 κῦδος
1819 3701 2155 3770 Anthologia
2195 3702 2368 3756 Palat.
2418 3703 2492 3757 vl
2535 3706 2678 3768 341).
2752 3733 2820 3743 —-
2897 3699 3055 3752 'rw

954 3771 1187 3825 Chiliad.
1218 3771 1246 3823 1
1272 3773 1389 3823 861.
1453 3801 1520 3809 -
1589 3774 1664 3825 18.
1704 3773 1769 3824 τά
1791 3790 1846 3823 τε
1872 3802 1901 3811 -
1935 3774 1993 3823 19
2018 3769 2296 3825 ἀκέσασθαι
2321 3772 2643 3825 Eustathiun
2675 3773 2742 3826 ΙΙ.
2769 3790 2819 3843 p.
2855 3768 2974 3822 126³.
3019 3786 3053 3796 ⁴·

954 3844 1039 3894 22.
1080 3840 1389 3912 Stephanus
1414 3840 1542 3910 Byz.
1572 3858 1619 3893 v.
1641 3833 1857 3913 Ἥραιον

953 3998 1004 4049 2.
1055 3993 1204 4050 Mava
1239 4015 1301 4049 οι
1334 3995 1433 4049 em
1469 4002 1526 4049 et
1629 3995 1764 4054 εδιας
1799 3994 2030 4048 Anth01.
2115 3999 2138 4061 ιι
2222 3998 2271 4048 3.
2323 3993 2477 4067 Αὺτῷ
2512 4015 2569 4048 z:
2622 3996 2922 4053 αυτῶιΑΒ.
2962 3982 3059 4060 αΰῑφ

848 4065 1063 4135 reliqui,
1090 4066 1156 4117 τ’
1245 4076 1308 4118 nt.
1349 4065 1419 4119 ol.
1484 4068 1507 4130 ΙΙ
1562 4014 1661 4133 σμῖχέν
1687 4064 1751 4134 δὴ
1782 4064 2008 4118 Anthol.
2068 4068 2090 4130 ΙΙ
2149 4068 2195 4117 4.
2240 4065 2488 4135 βασιλέως
2520 4067 2576 4120 C.
2605 4064 2830 4119 Anthol.
2878 4065 2897 4126 ΙΙ
2938 4060 2977 4108 6·
3004 4065 3051 4102 ⁶³<

849 4136 903 4188 B
949 4138 972 4200 ΙΙ
1019 4137 1069 4188 Ί.
1110 4133 1320 4201 [όντον]
1351 4134 1580 4202 ποταμὸν
1609 4137 1663 4188 R
1708 4138 1730 4200 u
1786 4136 1861 4186 10.
1903 4134 1937 4204 ἡ
1972 4153 2028 4187 ον
2054 4152 2161 4187 om.
2192 4134 2247 4186 R
2293 4137 2315 4199 ΙΙ
2372 4136 2450 4187 11.
2495 4137 2703 4205 στρατὸς
2728 4151 2830 4186 om.
2855 4120 3009 4186 AB&

843 4204 935 4262 τὰς
958 4204 1175 4263 κυανέας
1203 4205 1277 4259 Pz
1323 4208 1346 4269 ΙΙ
1392 4203 1513 4257 εὐθὺ
1540 4205 1693 4257 ABd
1735 4207 1760 4268 ΙΙ
1812 4205 1887 4253 12.
1930 4152 2043 4267 lvd]
2074 4203 2171 4255 ἀνὰ
2192 4205 2278 4256 τὸν
2306 4204 2425 4257 CR·-
2480 4207 2502 4268 ΙΙ
2564 4206 2642 4255 13.
2685 4204 2738 4265 ἐξ
2760 4202 2817 4255 οὗ
2839 4191 2996 4255 AB&
3022 4188 3045 4268 θΙ

855 4273 932 4325 15.
977 4271 1257 4345 Βόσπορον]
1287 4274 1469 4326 πόντον
1497 4273 1554 4326 R
1608 4276 1632 4338 ΙΙ
1683 4272 1903 4343 θρήικης
1930 4274 2054 4337 ΑΒ,
2081 4270 2145 4344 θρ
2185 4272 2301 4343 κίης
2334 4275 2384 4325 R
2443 4276 2466 4337 ΙΙ
2530 4274 2611 4324 18.
2652 4273 2724 4330 είς
2749 4274 2786 4325 d
2838 4274 2859 4335 ΙΙ
2905 4255 3046 4332 ww!

845 4343 932 4393 καὶ
957 4344 1151 4396 ABCd
1217 4346 1239 4407 ΙΙ
1323 4345 1404 4395 19.
1444 4341 1516 4406 δὲ]
1579 4343 1642 4413 ἀρ
1667 4362 1692 4394 ,τ
1773 4344 1796 4406 ΙΙ
1874 4343 2057 4395 τούτου
2086 4291 2219 4395 J’Rz
2300 4346 2321 4407 ΙΙ
2404 4344 2486 4393 20.
2525 4342 2886 4413 τεσσαράκοντα
2906 4329 2980 4387 Βᾶ
3031 4323 3046 4381 Ι

848 4412 930 4460 21.
975 4412 1141 4463 αὐτῶν
1168 4412 1225 4465 R
1269 4413 1292 4476 ΙΙ
1341 4413 1421 4462 22.
1465 4410 1521 4463 δὲ
1548 4362 1606 4464 52
1652 4416 1673 4477 ΙΙ
1721 4411 1774 4472 ἐξ
1799 4441 1828 4450 -
1853 4413 1917 4463 23
1949 4408 2166 4481 Εὐξείνῳ
2193 4428 2299 4463 om.
2336 4412 2383 4465 0
2422 4414 2445 4475 ΙΙ
2493 4413 2578 4464 24.
2617 4398 2987 4464 κοντάδεστονΒ
