3059 5125
1079 369 1167 380 ...
1252 334 1310 396 Β
1395 367 1506 381 -.
2305 331 2430 398 239

141 509 214 582 δὲ
251 508 521 608 μεγάλῃ
565 506 912 607 ἱδρυμένον
950 508 1229 583 κατὰτὸ
1256 507 1725 609 Σεβεννυτικὸν
1761 507 2170 603 καλεόμενον
2210 510 2430 602 στόμα

140 634 258 701 τοῦ
291 626 567 710 Νείλου,
625 625 1030 702 ἀναπλέοντι
1077 627 1211 701 ἀπὸ
1259 626 1614 727 θαλάσσης
1651 628 1813 703 ἄνω.
1908 627 2164 721 οὔνομα
2214 626 2288 699 δὲ
2342 627 2429 727 τῇ

141 749 294 823 πόλι
328 750 552 848 ταύτῃ
587 749 749 821 ὅκου
782 750 859 822 τὸ
895 752 1313 849 χρηστήριόν
1348 749 1491 822 ἐστι
1516 744 1784 831 Βουτώ,
1827 751 1925 831 ὡς
1962 750 2075 820 καὶ
2107 748 2433 847 πρότερον

142 871 540 964 ὠνόμασταί
578 895 712 962 μοι.
819 870 956 969 ἱρὸν
995 868 1073 940 δέ
1105 867 1249 941 ἐστι
1286 867 1355 942 ἐν
1390 872 1480 967 τῇ
1516 863 1779 941 Βουτοῖ
1807 870 2022 966 ταύτῃ
2062 855 2432 940 Ἀπόλλω·

79 1012 108 1060 5
140 1015 250 1069 νος
284 990 397 1060 καὶ
427 981 863 1087 Ἀρτέμιδος.
952 991 1063 1062 καὶ
1097 990 1138 1061 ὅ
1176 1014 1254 1086 γε
1287 990 1456 1087 νηὸς
1489 988 1616 1090 τῆς
1650 986 1944 1086 Λητοῦς,
1986 987 2057 1061 ἐν
2094 990 2195 1084 τῷ
2232 985 2319 1084 δὴ
2356 986 2434 1057 τὸ

140 1111 568 1207 χρηστήριον
607 1106 726 1191 ἔνι,
785 1108 987 1191 αὐτός
1021 1133 1095 1181 τε
1131 1108 1446 1206 τυγχάνει
1482 1106 1614 1180 ἐὼν
1657 1107 1870 1206 μέγας
1906 1111 2016 1180 καὶ
2051 1104 2133 1179 τὰ
2165 1106 2433 1205 προπύ-

145 1228 294 1300 λαια
329 1224 486 1324 ἔχει
542 1225 614 1307 ές
663 1226 834 1325 ὕψος
887 1226 1048 1300 δέκα
1084 1226 1427 1326 όργυιέων.
1520 1229 1597 1298 τὸ
1645 1226 1720 1300 δέ
1769 1253 1884 1321 μοι
1929 1235 2066 1298 τῶν
2123 1229 2432 1324 φανερῶν

142 1349 222 1446 ἧν
255 1346 515 1440 θῶυμα
554 1345 868 1456 μέγιστον
903 1349 1391 1444 παρεχόμενον,
1425 1346 1688 1446 φράσω.
1757 1345 1898 1421 ἔστι
1937 1347 2007 1420 έν
2042 1348 2142 1443 τῷ
2166 1343 2436 1440 τεμένεϊ

142 1470 354 1563 τούτῳ
392 1465 682 1564 Λητοῦς
735 1467 902 1564 νηὸς
957 1464 1025 1546 ἐξ
1075 1466 1222 1547 ἑνὸς
1278 1464 1473 1538 λίθου
1521 1466 1983 1565 πεποιημένος
2034 1464 2107 1546 ἔς
2154 1489 2227 1536 τε
2263 1462 2434 1562 ὕψος

64 1607 108 1658 ιο
141 1589 244 1659 καὶ
281 1586 352 1668 ἐς
391 1592 637 1685 μῆκος,
679 1588 788 1657 καὶ
818 1588 1048 1681 τοῖχος
1079 1583 1358 1666 ἕκαστος
1389 1588 1682 1659 τούτοισι
1718 1587 1892 1667 ἴσος·
1947 1584 2436 1684 τεσσεράκοντα

139 1705 422 1803 πηχέων
491 1707 750 1776 τούτων
823 1703 1103 1778 ἕκαστόν
1179 1707 1341 1778 ἐστι.
1455 1707 1533 1777 τὸ
1596 1704 1671 1778 δὲ
1733 1705 2253 1804 καταστέγασμα
2312 1711 2440 1804 τῆς

142 1827 397 1926 ὀροφῆς
440 1823 657 1905 ἄλλος
693 1822 1025 1897 ἐπικέεται
1062 1822 1270 1906 λίθος,
1326 1822 1509 1923 ἔχων
1555 1828 1679 1924 τὴν
1717 1825 2166 1925 παρωροφίδα
2199 1821 2433 1922 τετρά-

138 1971 382 2043 πηχυν.
487 1942 684 2015 οὕτω
725 1942 847 2038 μέν
899 1967 1011 2013 νυν
1071 1943 1108 2014 ὁ
1157 1945 1326 2041 νηὸς
1380 1951 1514 2016 τῶν
1571 1953 1882 2045 φανερῶν
1932 1970 2047 2040 μοι
2096 1950 2232 2016 τῶν
2279 1944 2575 2040 περὶ156

141 2071 334 2137 τοῦτο
394 2067 477 2137 τὸ
536 2065 673 2161 ἱρὸν
717 2062 858 2135 ἐστὶ
907 2062 1499 2155 θωυμαστότατον,
1556 2072 1689 2136 τῶν
1741 2063 1817 2138 δὲ
1854 2063 2186 2163 δευτέρων
2230 2069 2438 2162 νῆσος

65 2203 118 2254 15
147 2186 191 2283 ἠ
225 2183 511 2279 Χέμμις
546 2182 957 2281 καλευμένη.
1048 2180 1193 2253 ἔστι
1232 2181 1353 2277 μὲν
1408 2183 1479 2256 ἐν
1518 2184 1722 2283 λίμνῃ
1763 2184 1985 2287 βαθέῃ
2025 2185 2136 2256 καὶ
2169 2180 2433 2280 πλατέῃ

147 2304 419 2401 κειμένη
463 2302 657 2400 παρὰ
707 2305 784 2374 τὸ
836 2301 906 2374 ἐν
943 2297 1206 2374 Βουτοῖ
1248 2304 1409 2401 ἱρόν,
1467 2302 1734 2403 λέγεται
1773 2304 1851 2376 δὲ
1889 2293 2007 2376 ὑπ’
2054 2299 2437 2401 Αἰγυπτίων

145 2422 306 2495 εἶναι
345 2422 529 2520 αὕτη
568 2423 618 2520 ἡ
654 2429 866 2522 νῆσος
899 2419 1162 2520 πλωτή.
1258 2420 1460 2505 αὐτὸς
1497 2422 1620 2517 μὲν
1650 2422 1873 2523 ἔγωγε
1911 2423 2066 2496 οὔτε
2098 2420 2437 2494 πλέουσαν

146 2541 292 2616 οὔτε
329 2540 729 2641 κινηθεῖσαν
767 2538 965 2623 εἶδον,
1002 2538 1274 2640 τέθηπα
1328 2543 1403 2616 δὲ
1451 2541 1717 2616 ἀκούων
1775 2544 1833 2617 εί
1872 2552 2081 2646 νῆσος
2114 2538 2440 2642 ἀληθέως

146 2661 282 2736 ἐστὶ
335 2662 613 2760 πλωτή.
708 2660 778 2734 ἐν
839 2658 914 2732 δὲ
968 2662 1062 2731 ὧν
1117 2663 1331 2761 ταύτῃ
1380 2666 1552 2762 νηός
1607 2689 1680 2737 τε
1731 2657 2173 2743 ’Λπόλλωνος
2229 2661 2442 2758 μέγας

64 2798 113 2849 ω
147 2779 243 2854 ἔνι
278 2784 391 2854 καὶ
431 2780 664 2883 βωμοὶ
713 2780 1050 2879 τριφάσιοι
1100 2780 1496 2881 ἐνιδρύαται,
1550 2783 1971 2881 ἐμπεφύκασι
2022 2775 2081 2853 δ’
2139 2781 2209 2854 ἐν
2262 2780 2437 2879 αὐτῇ

148 2904 436 2997 φοίνικες
474 2902 710 2997 συχνοὶ
747 2902 860 2972 καὶ
897 2897 1074 2972 ἄλλα
1111 2899 1390 3000 δένδρεα
1442 2904 1554 2974 καὶ
1602 2904 2003 3003 καρποφόρα
2054 2903 2163 2973 καὶ
2214 2900 2440 2999 ἄφορα

147 3020 381 3092 πολλά.
481 3021 685 3117 λόγον
728 3016 803 3091 δὲ
849 3019 1041 3092 τόνδε
1092 3019 1516 3120 ἐπιλέγοντες
1561 3023 1626 3093 οἱ
1660 3018 2011 3119 Αἰγύπτιοί
2066 3046 2229 3118 φασι
2267 3018 2439 3095 εἶναι
2570 3047 2575 3052 ’

461 3275 577 3346 περὶ
599 3270 872 3344 Χέμμιδος
894 3274 1054 3344 νήσου

359 3499 442 3549 11.
483 3496 686 3551 Pollux
711 3496 826 3551 vll
857 3499 971 3550 123.
1000 3527 1068 3538 -
1098 3501 1181 3551 14.
1206 3529 1236 3540 -
1260 3501 1318 3551 17
1347 3499 1669 3555 Eustathius
1694 3500 1798 3555 Od.
1829 3518 1885 3572 p.
1915 3502 2063 3553 1644.
2129 3498 2439 3569 Stephanus

251 3565 380 3647 Byz.
423 3584 476 3619 ν.
516 3564 744 3636 Χέμμις.
804 3596 875 3607 -
942 3569 1018 3620 19.
1071 3567 1263 3631 Λέξεις.
1330 3596 1397 3607 -
1471 3570 1555 3622 21.
1607 3568 1961 3641 δένδρεα-22
1996 3568 2165 3623 πολλά
2198 3567 2440 3622 Lexicon

253 3634 494 3689 deob.
525 3652 581 3706 p.
618 3637 717 3687 188
2044 3669 2057 3685 ,

253 3807 302 3859 3.
344 3805 497 3861 πόλει
525 3807 607 3862 cd
660 3810 684 3874 11
740 3807 870 3862 ὅπου
894 3807 951 3861 R
1007 3811 1028 3874 11
1085 3827 1121 3882 χ
1192 3809 1398 3882 στήριον
1425 3809 1531 3864 ἐστὶ
1559 3811 1666 3864 PR
1724 3813 1747 3877 11
1809 3814 1858 3863 4.
1901 3808 2208 3880 οὐνόμασταί
2235 3808 2355 3865 01³2
2421 3807 2428 3872 1

162 3868 325 3928 δ’ἐστὶ
345 3877 518 3932 ABG
569 3880 592 3943 11
658 3877 831 3948 βουτοὶ
862 3879 919 3942 C,
950 3827 1188 3949 βουτῶρέ
1246 3881 1269 3945 11
1341 3881 1390 3932 5.
1430 3877 1620 3950 λητοὺς
1649 3880 1699 3934 0
1753 3882 1776 3946 11
1842 3880 1890 3934 8.
1929 3878 1996 3931 ’Ῑν
2020 3898 2129 3933 om.
2158 3878 2360 3934 ABCd
2425 3884 2430 3939 ξ

163 3940 338 4013 stopa
362 3946 446 3999 P:
477 3944 665 4017 θώυμα
694 3947 751 4011 G,
781 3944 968 4016 θώῦμα
990 3946 1091 4011 Rz,
1127 3945 1283 4017 θῶμα
1305 3950 1460 4003 ΑΒά
1535 3950 1559 4015 11
1639 3951 1840 4019 τεμένει
1861 3918 1978 4004 A&
2057 3951 2079 4015 ΙΙ
2160 3949 2211 4001 9.
2251 3945 2441 4019 λητοὺς

167 4011 210 4066 C
243 4016 268 4078 fl
314 4015 399 4067 10.
442 4014 496 4073 ἐς
519 4032 630 4068 om.
659 4013 717 4067 Β
759 4017 784 4081 11
828 4014 938 4075 ἶσος
960 4018 1000 4070 d
1043 4018 1066 4083 11
1111 4018 1486 4088 τεσσαράκοντα
1510 4016 1689 4072 cRdz.
1718 4019 1920 4074 rectius
1943 4014 2389 4092 τεσσερεσκαίδεκα
2422 4014 2441 4084 11

168 4082 240 4135 n.
276 4082 552 4137 τουτέωνε
610 4086 635 4150 11
691 4086 805 4154 τῆς]
837 4084 942 4138 ἐστι
1035 4105 1060 4143 ς
1090 4084 1139 4138 C
1191 4087 1214 4152 11
1282 4088 1359 4139 12.
1403 4085 1652 4141 ἐπίκειται
1674 4088 1845 4143 ABR
1890 4090 1913 4153 11
1971 4084 2366 4210 παροροῧίδαᾘ
2424 4088 2443 4151 «1

167 4150 242 4202 13.
281 4151 432 4211 οὗτος
456 4152 612 4207 malit
634 4152 861 4207 Bekker
917 4155 941 4220 11
1043 4157 1093 4209 4.
1133 4152 1565 4224 θωυμαστότατον
1591 4157 1670 4210 P:
1699 4154 2127 4227 θωῦμαστότατον
2210 4198 2224 4222 ,
2253 4153 2441 4223 θωμα-

166 4218 393 4274 στότατον
417 4222 589 4288 ΑΒᾱ,
617 4220 1031 4290 θαυμαστότατον
1063 4224 1120 4289 0,
1148 4221 1559 4297 θαυμαστότερον
1584 4244 1636 4296 q,
1665 4224 2087 4297 θωῦμαστότερον
2110 4245 2139 4280 z
2195 4230 2219 4293 11
2283 4225 2362 4277 15.
2401 4223 2440 4292 ἡ

167 4283 379 4358 Χέμμις]
410 4290 629 4363 Ιχεμμις
652 4289 727 4355 R,
757 4288 935 4364 ἔχεμις
957 4312 1001 4347 ε.
1027 4291 1188 4347 Eunt.
1228 4295 1251 4359 11
1289 4293 1449 4346 καλεο
1492 4293 1583 4366 ἕνη
1616 4294 1770 4349 0sz
1810 4298 1833 4362 11
1876 4294 1929 4349 ἐν
1954 4312 2063 4349 om.
2091 4299 2149 4351 B
2190 4298 2215 4362 11
2260 4291 2443 4346 πλατέῖ

174 4356 219 4409 0
275 4360 298 4422 11
370 4360 452 4411 17.
493 4357 622 4412 εἶναι
643 4367 771 4430 post
792 4366 995 4430 νῆσοςε
1052 4363 1076 4427 11
1138 4362 1217 4414 18.
1256 4361 1365 4416 ἴδον
1392 4313 1499 4417 ΡΞ
1555 4366 1579 4430 11
1637 4362 1712 4431 δὲ]
1741 4363 1797 4418 δέ
1822 4382 1921 4417 που
1947 4366 1985 4419 d
2050 4368 2073 4432 11
2146 4366 2229 4418 19.
2269 4360 2296 4413 δ
2337 4360 2443 4429 ]δὲ

170 4422 383 4481 Bekker
454 4430 477 4493 11
551 4429 635 4480 20.
675 4427 1029 4500 έμπεφύκεσαν
1058 4431 1117 4495 G,
1159 4429 1529 4504 ἐπεμφύασιΒ
1597 4435 1620 4500 11
1690 4432 1828 4486 &R
1907 4435 1930 4499 11
2013 4435 2095 4487 21.
2139 4433 2309 4507 φοίνικ
2339 4446 2444 4489 ςτε

174 4494 342 4565 ωχναὶ
362 4495 419 4550 R
475 4500 501 4563 ῃ
558 4496 648 4549 καὶ
668 4497 982 4571 καρποφόρα]
1009 4501 1311 4573 καρποφόρα
1335 4500 1391 4553 R
1447 4503 1471 4567 11
1529 4503 1612 4555 22.
1652 4502 1848 4556 τοιόνδε
1870 4522 1897 4557 z
