3059 5125
1177 362 1468 418 Praefatio.
2374 378 2468 422 xv

203 541 284 638 (d)
319 545 503 614 adeo
538 540 813 629 similis,
859 547 947 612 ut
982 538 1102 613 vel
1131 537 1458 611 indidem
1495 535 1615 611 vel
1649 559 1745 608 ex
1780 560 1866 609 eo
1900 536 2060 630 ipso
2095 534 2462 606 derivatus

203 672 545 744 videatur.

401 818 518 888 14.
584 816 1114 888 Riccardianus
1166 818 1293 901 25,
1343 813 1798 899 chartaceuS,
1863 812 1942 883 in
1991 809 2147 896 fol..
2203 807 2474 882 saeculi

201 945 345 1018 XV
379 943 499 1018 vel
535 945 753 1019 XVI.

605 1097 1387 1174 Mediolanenses:

401 1247 519 1319 15.
590 1246 1119 1318 Ambrosianus
1169 1248 1264 1330 A.
1308 1245 1456 1318 253
1483 1241 1685 1329 inf..
1736 1246 2273 1328 membraneus,
2324 1239 2473 1314 for-

203 1400 353 1447 mae
385 1375 775 1463 maximae,
814 1375 1086 1448 saeculi
1122 1375 1327 1446 XIII
1362 1371 1481 1446 vel
1515 1375 1737 1462 XIV,
1788 1384 1900 1446 sat
1945 1383 2253 1445 venuste
2305 1372 2477 1443 scri-

209 1513 365 1601 ptus
413 1507 542 1577 sed
595 1504 924 1576 omnium
977 1503 1526 1601 mendosissime
1591 1528 1727 1575 nec
1779 1514 2125 1597 expertus
2173 1527 2475 1575 manum

209 1634 783 1707 emendatricem.
879 1643 1048 1729 post
1092 1633 1557 1707 Herodotum
1607 1633 1836 1706 habet
1883 1630 2263 1705 Plutarchi
2312 1632 2476 1734 βίων

209 1761 658 1861 παραλλήλων
697 1787 832 1857 per
865 1767 1017 1868 τρία
1055 1761 1286 1864 βιβλία
1324 1763 1879 1838 distributorum
1916 1760 2172 1864 βιβλίον
2208 1767 2473 1861 πρῶτον

212 1890 349 1963 sive
382 1893 570 1965 vitas
605 1892 883 1963 XVIII
921 1892 1287 1964 a·Theseo
1323 1916 1558 1988 usque
1596 1893 1688 1964 ad
1726 1893 2176 1965 Ciceronem.
2240 1890 2407 1986 (Rs)

407 2040 526 2124 16.
591 2038 1121 2114 Ambrosianus
1156 2041 1251 2110 A.
1300 2039 1441 2113 163
1481 2039 1687 2134 Sup.‚
1724 2039 2174 2125 chartaceus,
2212 2036 2290 2109 in
2328 2061 2479 2132 qu.‚

216 2166 467 2240 saeculi
499 2168 701 2241 XIV
737 2165 854 2241 vel
887 2169 1064 2241 XV.
1159 2167 1280 2265 (R)

409 2317 497 2396 17
509 2372 523 2386 .
591 2314 1121 2388 Ambrosianus
1172 2316 1232 2386 I.
1276 2315 1372 2388 23
1410 2313 1623 2409 Sup..
1673 2315 2133 2392 chartaceus.
2188 2314 2269 2390 in
2311 2323 2480 2401 oct„

219 2442 466 2518 saeculi
497 2444 723 2518 XVI.
814 2444 1211 2538 praemissa
1257 2444 1487 2518 habet
1537 2446 1691 2545 περὶ
1741 2443 2091 2521 διαλέκτου
2141 2444 2327 2525 ἰάὸος
2370 2446 2481 2515 καὶ

221 2577 551 2673 προφορᾶς
612 2571 826 2673 αὐτῆς
877 2583 953 2647 et
1004 2571 1257 2653 λεξικὸν
1313 2573 1388 2647 ἐκ
1446 2572 1694 2672 μέρους
1742 2571 1908 2647 κατὰ
1964 2575 2299 2672 στοιχεῖον
2345 2581 2483 2649 τῶν

220 2701 606 2798 ἡροδοτείων
665 2700 910 2781 λέξεων
965 2701 1210 2798 (incip.
1272 2699 1481 2801 ἀνὲλη
1500 2758 1519 2790 ,
1592 2703 1821 2777 desin.
1880 2703 2116 2800 <leffium
2171 2702 2477 2774 θάλπου-

224 2830 377 2926 σαν).
468 2830 592 2926 (R)
1881 2902 1893 2909 .

413 2977 528 3050 18.
585 2978 1119 3051 Ambrosianus
1145 2978 1233 3050 L.
1274 2980 1416 3051 115
1444 2979 1652 3073 Sap„
1688 2977 2193 3073 bombycinus,
2220 2977 2301 3049 in
2328 3003 2479 3072 qu.‚

223 3102 360 3175 XV
383 3104 675 3180 saeculi.
739 3107 900 3179 hiat
933 3108 1105 3181 inde
1142 3132 1188 3180 a
1221 3134 1281 3181 c.
1318 3110 1412 3181 75
1441 3108 1620 3181 libri
1646 3108 1848 3179 noni.
1919 3103 2063 3179 fuit
2086 3105 2261 3178 olim
2284 3105 2483 3177 inter

225 3229 427 3307 libros
459 3237 568 3308 Io.
612 3238 706 3308 V.
745 3235 1061 3310 Pinellii.
1156 3236 1251 3335 (d)

417 3383 532 3454 19.
605 3383 1134 3456 Ambrosianus
1171 3383 1254 3456 C.
1297 3384 1394 3456 82
1432 3383 1639 3478 Sup.‚
1676 3381 2178 3479 bombycinus
2239 3382 2319 3455 in
2355 3406 2477 3475 qu.

228 3504 297 3578 in
339 3511 480 3583 fine
531 3511 760 3584 habet
810 3515 1081 3609 στίχους
1131 3513 1473 3611 ἡρωϊκοός
1523 3514 1819 3584 eosdem
1877 3536 2057 3607 quos
2110 3511 2482 3584 Parisinus

230 3658 298 3730 q,
358 3640 560 3713 cuius
606 3665 740 3736 per
788 3642 1033 3714 omnia
1079 3640 1332 3713 similis
1386 3651 1526 3729 est,
1598 3642 1896 3714 deinde:
1963 3640 2096 3714 ἔτει
2142 3636 2487 3738 ‘gammam

234 3760 616 3850 ἰνδικτιῶνος
650 3770 754 3841 δης
782 3770 853 3865 (i.
874 3797 936 3843 e.
959 3795 1155 3843 anno
1180 3779 1346 3865 post
1375 3771 1753 3843 Christum
1776 3772 2020 3866 1426).
2063 3763 2213 3842 ‘Ex
2238 3768 2484 3843 insula

235 3891 402 3966 Chio
436 3900 779 3973 advectus
823 3901 1042 3975 1606.
1125 3901 1300 3973 Fuit
1334 3927 1375 3975 e
1408 3899 1617 3973 libris
1651 3899 2039 3974 Michaelis
2074 3900 2447 3994 Sopbiani.
2468 3902 2485 3932 '

238 4030 664 4103 antecedunt
684 4029 1146 4103 Herodotum
1182 4031 1677 4126 Theophrasti
1710 4037 2160 4131 χαρακτῆρες,
2219 4031 2483 4103 deinde

239 4144 460 4232 λεέικὸν
519 4159 930 4257 ἠροδοτείων
996 4157 1240 4240 λέξεων
1315 4160 1559 4256 (incip.
1627 4157 1870 4259 ἀνέλη,
1947 4159 2173 4232 desin.
2248 4161 2482 4258 ψῶσαν

243 4275 644 4385 Minoum),
685 4298 1054 4383 postremo
1087 4285 1249 4361 loco
1287 4294 1504 4386 στίχοι
1543 4288 1798 4390 ἰάμβιοι
1830 4288 1976 4385 (sic)
2009 4289 2130 4373 29,
2174 4312 2483 4383 quorum

249 4408 489 4497 primus
536 4425 646 4489 est
695 4415 950 4515 σαθρὸν
1006 4415 1126 4511 μὲν
1178 4415 1555 4516 εὐτύχημα,
1606 4419 1827 4516 κούφη
1867 4420 2256 4518 τερπνότης,
2309 4416 2483 4490 ulti-

247 4554 382 4610 mus
414 4547 646 4627 σώσεις
682 4544 929 4646 ἐφεξῆς
961 4547 1171 4645 ἤνπερ
1211 4544 1410 4643 ἔσχες
1446 4546 1687 4619 εἰκόνα.
