3059 5125
1092 344 1494 407 -Ε-
2346 346 2423 405 57

188 522 428 615 ἐκείνῳ,
464 521 511 619 ἧ
555 520 677 614 μὲν
717 516 1113 618 Κορινθίους
1152 520 1440 613 μάλιστα
1475 519 1744 592 πάντων
1785 519 2223 616 ἐπιποθήσειν
2266 516 2427 589 [Ιει-

188 639 612 737 σιστρατίδας,
666 639 824 710 ὅταν
882 664 998 736 σφι
1044 641 1264 738 ἥκωσι
1300 639 1554 738 ἡμέραι
1591 642 1659 711 αί
1701 641 1918 737 κύριαι
1956 634 2271 710 ἀνιᾶσθαι
2311 631 2418 709 ὑπ’

179 750 566 856 Ἀθηναίων.
650 747 928 856 Ἱππίης
978 756 1096 852 μὲν
1146 759 1438 831 τούτοισι
1491 757 1822 856 ἀμείψατο
1877 755 1990 829 οἷα
2036 760 2192 837 τοὺς
2249 782 2427 854 χρη-

187 880 377 971 σμοὺς
409 874 853 977 ἀτρεκέστατα
888 876 1145 975 ἀνδρῶν
1185 878 1738 971 ἐξεπιστάμενος·
1831 878 1893 948 οἱ
1930 876 2004 948 δὲ
2040 876 2260 948 λοιποὶ
2295 884 2430 946 τῶν

134 1018 158 1064 5
187 999 536 1095 συμμάχων
572 999 747 1077 τέως
785 995 906 1090 μὲν
937 996 1119 1094 εἶχον
1157 997 1225 1069 ἐν
1261 999 1515 1095 ἡσυχίῃ
1548 997 1760 1093 σφέας
1797 996 2063 1084 αὐτούς,
2102 997 2321 1070 ἐπείτε
2358 994 2430 1069 δὲ

186 1115 468 1197 Σωκλέος
501 1119 797 1215 ἤκουσαν
851 1118 1162 1196 εἴπαντος
1208 1116 1620 1215 ἐλευθέρως,
1675 1116 1853 1196 ἅπας
1885 1142 1980 1197 τις
2017 1115 2239 1187 αὐτῶν
2280 1142 2426 1212 φω-

184 1239 287 1333 νὴν
322 1235 520 1334 ῥήξας
555 1237 814 1334 αἱρέετο
850 1241 969 1307 τοῦ
1008 1233 1372 1334 Κορινθίου
1408 1240 1531 1335 τὴν
1567 1241 1885 1334 γνώμην,
1939 1234 2425 1329 Λακεδαιμονί-

185 1361 297 1426 οισί
355 1380 428 1429 τε
484 1353 1060 1454 ἐπεμαρτυρέοντο
1126 1358 1221 1453 μὴ
1281 1354 1533 1429 ποιέειν
1600 1355 1814 1454 μηδὲν
1879 1360 2203 1454 νεώτερον
2273 1357 2428 1452 περὶ

183 1474 351 1547 πόλιν
375 1462 393 1490 ‘
420 1472 719 1548 Ελλάδα.

114 1609 161 1658 w
321 1591 508 1666 Οὕτω
547 1592 670 1688 μὲν
709 1601 923 1667 ταῦτα
961 1595 1298 1694 ἐπαύσθη.
1376 1583 1613 1692 Ἱππίῃ
1655 1593 1730 1667 δὲ
1768 1595 2076 1669 ἐνθεῦτεν
2127 1594 2424 1668 ἀπελαυ-
2458 1609 2541 1670 94

183 1714 421 1809 νομένῳ
476 1714 698 1785 ἐδίδου
752 1712 870 1808 μὲν
915 1704 1270 1813 Ἀμύντης
1307 1716 1342 1786 ὁ
1381 1710 1793 1786 Μακεδόνων
1833 1714 2146 1815 βασιλεὺς
2171 1702 2426 1787 Ἀνθε-

187 1838 445 1924 μοῦντα,
501 1833 807 1907 ἐδίδοσαν
861 1832 937 1906 δὲ
986 1832 1316 1907 Θεσσαλοὶ
1358 1824 1665 1906 Ἰωλκόν.
1775 1834 1811 1904 ὁ
1865 1833 1941 1906 δὲ
1995 1835 2249 1905 τούτων
2304 1833 2424 1928 μὲν

185 1950 476 2049 οὐδέτερα
522 1951 819 2049 αίρέετο,
882 1949 1223 2050 ἀνεχώρεε
1273 1952 1349 2025 δὲ
1399 1953 1615 2026 ὀπίσω
1673 1952 1744 2033 ἐς
1792 1951 2086 2050 Σίγειον,
2144 1956 2221 2024 τὸ
2285 1950 2428 2025 εἷλε

187 2066 632 2168 Πεισίστρατος
668 2073 886 2171 αἰχμῇ
922 2068 1105 2169 παρὰ
1142 2067 1624 2170 Μυτιληναίων
1645 2129 1661 2159 ,
1721 2076 2058 2171 κρατήσας
2107 2071 2184 2144 δὲ
2220 2071 2426 2143 αὐτοῦ·

111 2207 157 2257 15
184 2191 523 2288 κατέστησε
582 2192 908 2290 τύραννον
968 2188 1134 2263 εἶναι
1202 2191 1412 2262 παῖδα
1466 2194 1580 2262 τὸν
1641 2192 1895 2264 ἑωυτοῦ
1946 2190 2143 2262 νόθον
2193 2179 2425 2290 ζΗγη-

184 2313 544 2407 σίστρατον,
598 2313 919 2407 γεγονότα
969 2308 1039 2391 ἐξ
1065 2299 1389 2408 Ἀργείης
1439 2313 1776 2405 γυναικός,
1835 2312 1910 2391 ὃς
1965 2309 2086 2381 οὐκ
2123 2306 2429 2409 ἀμαχητὶ

183 2426 306 2523 εἶχε
352 2426 433 2499 τὰ
474 2429 816 2531 παρέλαβε
867 2425 1049 2528 παρὰ
1089 2428 1600 2526 Πεισιστράτου·
1677 2427 2049 2522 ἐπολέμεον
2084 2427 2208 2529 γὰρ
2245 2429 2321 2501 ἔκ
2356 2455 2429 2502 τε

178 2538 560 2647 Ἀχιλληίου
595 2548 831 2630 πόλιος
868 2549 1266 2648 όρμεόμενοι
1311 2551 1420 2621 καὶ
1456 2546 1720 2645 Σιγείου
1758 2548 1866 2621 ἐπὶ
1902 2551 2144 2647 χρόνον
2185 2553 2425 2646 συχνὸν

187 2659 603 2765 Μυτιληναῖοί
637 2693 709 2740 τε
745 2671 855 2740 καὶ
881 2656 1268 2765 Ἀθηναῖοι,
1314 2670 1374 2738 οί
1405 2666 1522 2762 μὲν
1552 2666 1980 2750 ἀπαιτέοντες
2006 2673 2128 2768 τὴν
2165 2674 2426 2768 χώρην,

107 2776 511 2883 τοἈθηναῖοι
562 2786 636 2858 δὲ
690 2788 847 2860 οὔτε
912 2789 1510 2884 συγγινωσκόμενοι
1575 2785 2076 2868 ἀποδεικνύντες
2124 2813 2198 2861 τε
2246 2787 2429 2885 λόγῳ

187 2902 354 2976 οὐδὲν
407 2906 660 3000 μᾶλλον
703 2902 1018 2978 Αἰολεῦσι
1070 2907 1302 2998 μετεὸν
1353 2915 1476 3006 τῆς
1501 2897 1794 2989 Ἰλιάδος
1847 2908 2164 3006 χώρηςῆ
2205 2908 2284 2979 οὐ
2321 2909 2430 2979 καὶ

186 3027 351 3118 σφίσι
385 3027 491 3097 καὶ
525 3028 696 3098 τοῖσι
734 3023 1035 3112 ἄλλοισι,
1092 3025 1241 3096 ὅσοι
1268 3013 1632 3124 Ἑλλήνων
1672 3027 2166 3125 συνεπρήξαντο
2202 3022 2427 3099 Μενέ-

188 3138 305 3236 λεῳ
335 3140 447 3225 τὰς
484 3132 788 3243 Ἑλένης
836 3142 1161 3242 ἁρπαγάς.
1253 3143 1721 3238 πολεμεόντων
1774 3143 1849 3216 δέ
1885 3170 2110 3242 σφεων
2147 3150 2426 3218 παντοῖα
2458 3164 2542 3224 95

189 3261 283 3331 καὶ
324 3259 486 3334 ἄλλα
533 3262 802 3360 ἐγένετο
857 3262 926 3334 ἐν
979 3267 1138 3362 τῇσι
1190 3262 1488 3361 μάχῃσι,
1541 3262 1609 3335 έν
1652 3261 1728 3335 δὲ
1766 3264 1851 3362 δὴ
1892 3267 2002 3336 καὶ
2030 3254 2355 3345 Ἀλκαῖος
2391 3265 2427 3335 ὁ

463 3499 537 3553 ὅτι
559 3499 740 3572 ἀναχω
812 3517 900 3559 σας
919 3497 1121 3560 Ἱππίας
1147 3500 1208 3554 ἐκ
1234 3497 1476 3572 Σπάρτης
1501 3501 1573 3561 είς
1596 3502 1654 3555 τὸ
1676 3498 1873 3572 Σίγειον
1898 3500 2200 3574 παρεγένετο
2316 3503 2430 3572 περὶ

366 3560 600 3623 Ἀλκαίου
624 3574 716 3623 τοῦ
838 3574 1019 3622 οποιοῦ

279 3806 318 3856 l.
357 3807 630 3879 ιείνῳΡπ
686 3812 710 3875 fl
768 3811 928 3881 μὴνν
984 3812 1006 3875 11
1065 3811 1113 3862 2.
1157 3809 1254 3864 ὑπὸ
1280 3812 1318 3864 d
1371 3813 1394 3877 11
1455 3811 1501 3862 3.
1547 3811 1766 3864 οἷάτεν
1823 3813 1845 3877 11
1906 3814 1952 3863 5.
1996 3811 2278 3883 ξυμμάχων
2304 3812 2365 3865 dz
2409 3814 2430 3878 ΙΙ

191 3870 391 3933 maz
447 3880 468 3943 11
522 3881 571 3931 6.
628 3877 854 3939 σωκλέος
889 3879 1140 3934 AB¹0d=
1193 3878 1468 3939 σωσικλέος
1526 3882 1549 3945 11
1609 3879 1965 3950 ἐλευθερῶσαι.
2010 3886 2109 3939 πᾶς
2146 3882 2368 3935 ,4Βῖοᾱ

192 3938 428 3999 αὐτέωνεε
471 3949 492 4011 11
537 3950 586 4000 8.
625 3942 677 4001 τ’
704 3949 853 4002 ABd
895 3951 918 4014 11
967 3947 1372 4018 ἐπεμαρτύροντο
1400 3951 1447 4002 d.
1481 3948 1687 4002 Reiske
1740 3952 1762 4014 11
1822 3951 1870 4000 9.
1914 3949 2155 4020 ἑλληνίδα
2180 3950 2365 4004 132121-7„
2410 3884 2417 4019 ί

199 4009 262 4060 10.
295 4017 432 4067 τοῦτο
454 4018 649 4071 ΑΒΟά
692 4019 715 4082 11
763 4017 966 4086 ἐπαύθη
993 4018 1030 4069 d
1084 4020 1107 4082 11
1179 4019 1260 4069 11.
1300 4016 1469 4071 ἐδίδου
1497 4018 1592 4087 μὲν
1619 4036 1728 4071 om.
1763 4020 1812 4073 C
1861 4020 1884 4083 11
1943 4019 1971 4071 ὁ
1999 4018 2234 4087 μακεδὼν
2274 4017 2427 4071 ἀνθε-

195 4083 407 4143 &mar
447 4086 470 4149 11
515 4088 593 4138 12.
634 4087 906 4139 τουτὰονε
952 4089 976 4152 11
1029 4087 1106 4138 13.
1149 4085 1319 4139 οὐδέτε
1354 4103 1465 4139 mr
1511 4090 1534 4152 11
1583 4088 1736 4158 σίγιον
1762 4087 1957 4140 ABC'd
2000 4089 2022 4152 11
2088 4089 2166 4140 14.
2211 4087 2360 4154 μυτιλ
2400 4118 2428 4128 -

193 4147 322 4200 ναίων
345 4153 499 4206 AB¹=
550 4154 893 4224 μιτυληναίων
952 4158 975 4221 11
1040 4157 1116 4206 16.
1159 4154 1280 4208 ὄντα
1385 4172 1412 4205 z
1471 4158 1493 4221 11
1558 4158 1635 4207 18.
1679 4155 1938 4227 άχιλλείου
1964 4158 2103 4210 ΑΒν
2159 4159 2181 4222 11
2241 4106 2429 4226 ὁρμεῖ-

197 4217 406 4279 μΜῑΡε
432 4222 714 4292 ὁρμώμενοι
737 4226 892 4287 ΑΒν,
940 4225 1256 4294 δρμεώμενοι
1285 4223 1388 4279 odz
1435 4227 1456 4289 11
1506 4225 1664 4295 σιγίου
1690 4223 1892 4278 ABGd
1947 4227 1968 4289 11
2021 4226 2205 4296 χρόνον
2233 4227 2315 4278 ἐπὶ
2339 4243 2364 4276 z
2412 4225 2431 4294 11

200 4282 265 4335 19·
301 4289 599 4361 μυτιληναῖοί
623 4294 756 4346 ΑΒι
795 4292 1118 4362 μιτυληναῖοί
1166 4295 1189 4357 11
1237 4295 1318 4344 20.
1363 4291 1744 4353 ἀποδεικνύντες
1767 4311 1821 4345 τε
1848 4293 1985 4364 λόγῳ
2012 4311 2118 4347 om.
2148 4312 2179 4346 r
2224 4297 2247 4361 11
2295 4295 2426 4347 ἀπο-

198 4348 410 4415 ὒῑῑῑνύτες
430 4364 564 4429 Apr.
595 4362 668 4414 B·
737 4364 760 4426 11
830 4363 913 4413 21.
956 4362 1139 4431 μέτρον
1163 4379 1195 4413 r
1264 4364 1286 4426 11
1356 4362 1442 4414 καί
1469 4379 1606 4433 σφισι
1639 4360 1744 4422 cd,
1785 4362 1871 4415 καί
1897 4380 2037 4431 σφιν
2091 4366 2113 4427 11
2175 4365 2258 4415 22.
2297 4369 2427 4416 τοῖσι

196 4419 359 4504 ἄλλοισι
380 4423 585 4498 Ελλησι,
612 4429 717 4483 ὅσοι
740 4448 766 4481 z
814 4433 836 4495 11
891 4430 1256 4500 συνεπράξαντο
1289 4431 1405 4484 Prz.
1438 4431 1865 4500 συνεξεπρήξαντο
1892 4433 2145 4501 Krueger
2189 4437 2210 4498 11
2261 4430 2423 4485 Μενε-

195 4484 330 4560 λαῳτ
368 4496 390 4559 11
432 4498 516 4549 24.
554 4499 637 4551 καὶ
659 4498 792 4552 ἄλλα
815 4498 986 4552 πολλὰ
1008 4505 1225 4553 παντοῖα
1249 4500 1438 4570 ἐγίνετο
1461 4500 1578 4571 τῇσι
1616 4500 1811 4574 μάχῃσι
1832 4517 1859 4551 z
