3059 5125
499 375 621 419 xlv
1494 354 1785 409 Praefatio.

500 539 586 601 ut
634 539 746 602 est
795 530 876 601 in
926 539 1169 602 vetere
1220 527 1573 624 catalogo.
1682 530 2043 603 editorum
2102 530 2382 624 primus
2431 530 2787 602 adhibuit

501 660 824 732 Thomas
842 656 1055 746 Gale,
1083 667 1249 753 post
1276 655 1491 732 illum
1519 683 1696 734 usus
1722 668 1834 732 est
1846 658 2270 754 Wesseling
2293 642 2628 734 lectionis
2656 682 2792 731 va-

499 788 758 862 rietate
782 786 1019 860 multo
1051 811 1273 883 quam
1301 789 1393 860 ab
1419 786 1553 859 illo
1582 789 1990 861 accuratius
2018 789 2387 882 exscripta
2422 789 2514 859 ab
2542 790 2794 859 Anto-

501 917 626 989 nio
653 916 960 1006 Askew;
1000 927 1367 1012 postremo
1403 917 1931 1014 perdiligenter
1962 917 2386 989 retractavit
2411 914 2791 1004 Gaisfoffl,

500 1071 638 1119 nec
702 1055 953 1120 tamen
1004 1040 1022 1067 ‘
1049 1045 1266 1142 plura
1324 1048 1414 1119 de
1474 1071 1564 1120 eo
1614 1048 2012 1121 edisserere
2064 1047 2408 1119 attinere’
2470 1048 2793 1141 putabat

500 1174 766 1250 callide
816 1178 1247 1248 taciturnus.
1328 1170 1345 1197 ‘
1371 1173 1549 1249 licet
1581 1177 1804 1264 enim,
1854 1176 2119 1270 inquit,
2170 1174 2542 1271 permulta
2582 1199 2794 1247 nunc

500 1304 960 1399 protulerim,
1013 1329 1331 1401 quorum
1382 1306 1662 1377 indicio
1713 1306 1872 1377 eius
1924 1304 2208 1378 indoles
2249 1305 2520 1377 certius
2556 1328 2789 1398 quam

501 1444 722 1507 antea
756 1436 1188 1521 innotescat,
1221 1435 1402 1510 satis
1439 1443 1687 1506 tamon
1724 1442 2041 1506 correcte
2077 1436 2167 1506 de
2203 1436 2362 1506 eius
2400 1443 2792 1528 praestan-

502 1566 610 1636 tia
645 1565 1004 1637 iudicasse
1040 1563 1232 1636 mihi
1268 1564 1616 1636 videntur
1651 1564 1795 1636 viri
1832 1565 2127 1636 eruditi.
2147 1566 2163 1596 ’

717 1695 748 1765 1
770 1694 831 1765 1.
851 1717 894 1763 υ
929 1694 1529 1766 Vindobonensis
1547 1693 1881 1779 LXXII,
1899 1689 2076 1764 olim
2096 1692 2395 1772 Ioannis
2410 1691 2789 1780 Sambuci,

502 1823 951 1908 chartaceuS,
982 1818 1332 1893 foliorum
1359 1824 1880 1915 quadratorum
1900 1824 2069 1905 474,
2107 1820 2377 1893 saeculi
2393 1823 2590 1896 XIV
2608 1822 2783 1917 (vid.

505 1950 788 2023 Kollar.
842 1975 915 2045 p.
973 1949 1171 2046 462).
1298 1949 1744 2026 lectionibus
1802 1953 1976 2025 inde
2027 1953 2393 2048 excerptis
2443 1976 2620 2024 usus
2672 1961 2789 2023 est

504 2076 949 2175 Wesseling.

711 2339 1012 2410 Praeter
1046 2338 1180 2409 hos
1220 2337 1450 2433 igitur
1487 2340 1829 2412 undecim
1858 2339 2166 2426 codiceS,
2194 2365 2236 2412 e
2266 2341 2535 2434 quibus
2564 2341 2786 2434 quin-

504 2493 649 2561 que
702 2467 1118 2565 (ABGPR)
1177 2476 1530 2561 tanquam
1585 2467 2151 2541 fundamentum
2209 2493 2362 2541 esse
2414 2467 2784 2541 voluimus

502 2597 839 2670 lectionis
891 2599 1447 2673 constituendae
1467 2654 1486 2686 ‚
1542 2598 1865 2692 reliquos
1917 2608 2045 2670 aut
2101 2599 2409 2671 subsidii
2458 2597 2619 2671 loc-o
2671 2625 2785 2672 as-

503 2729 947 2821 sumpsimus
1005 2727 1122 2823 (bt)
1177 2737 1307 2799 aut
1349 2735 1436 2799 ut
1484 2729 1577 2800 de
1627 2728 2256 2803 vicissitudinibus
2309 2713 2557 2801 textus
2607 2754 2783 2802 con·-

502 2866 724 2929 staret
751 2854 868 2929 vel
895 2857 1178 2951 ubique
1197 2855 1296 2951 (d)
1323 2855 1440 2929 vel
1467 2857 1598 2933 ubi
1627 2880 1741 2929 res
1771 2866 2101 2951 posceret
2114 2855 2321 2953 (bqsv)
2344 2888 2358 2928 ε
2399 2855 2781 2953 aliquanto

502 2987 732 3081 igitur
768 3011 988 3081 quam
1025 2983 1138 3056 illi
1176 2983 1420 3079 plures
1459 3010 1590 3079 per
1625 2984 2109 3058 bibliothecas
2157 2986 2463 3080 dispersi
2499 2996 2674 3059 sunt
2708 2997 2781 3060 et

502 3123 741 3188 aetate
774 3112 932 3187 fere
966 3124 1038 3187 et
1075 3115 1438 3209 dignitate
1487 3112 1896 3202 inferiore8‚
1946 3117 2039 3187 ad
2088 3140 2244 3188 rem
2295 3125 2542 3188 autem
2576 3116 2781 3188 criti-

502 3269 662 3317 cam
699 3251 868 3338 post
901 3241 1068 3315 illos
1111 3241 1410 3315 inutiles
1456 3268 1730 3315 omnes.
1823 3269 2006 3340 quos
2050 3245 2181 3316 ubi
2232 3270 2384 3317 una
2432 3245 2777 3339 deinceps

503 3373 690 3446 serie
741 3372 1365 3467 comprehendero
1416 3373 1833 3467 additisque
1852 3430 1871 3461 ‚
1924 3375 2003 3446 in
2051 3375 2319 3469 quibus
2370 3382 2566 3446 recte
2614 3375 2776 3447 fieri

503 3504 781 3597 potuit,
841 3500 1078 3575 literis
1141 3502 1649 3597 significavero
1710 3503 1921 3575 cuius
1985 3504 2295 3597 quisque
2355 3505 2644 3598 generis
2705 3512 2776 3575 et

501 3642 856 3728 tanquam
892 3632 1274 3726 prosapiae
1309 3632 1672 3719 videatur,
1721 3674 1825 3685 —
1874 3657 2013 3704 nec
2061 3633 2262 3704 enim
2300 3634 2400 3733 ,de
2435 3633 2774 3704 omnibus

500 3771 787 3834 constat
848 3770 979 3833 aut
1039 3785 1301 3855 operae
1362 3762 1683 3855 pretium
1743 3771 1898 3835 erat
1946 3762 2169 3834 anxie
2219 3759 2605 3856 explorare
2656 3802 2774 3847 -‚

501 3901 660 3965 tum
828 3887 994 3963 illos
1026 3899 1434 3964 revertetur
1467 3892 1726 3964 oratio.
1819 3900 1993 3963 sunt
2028 3891 2259 3986 igitur
2293 3891 2398 3964 hi.

915 4021 980 4093 F
989 4019 1250 4094 loren
1268 4021 1486 4093 tini:

715 4151 830 4225 12.
902 4151 1449 4224 Laurentianus
1510 4147 1698 4244 plut.
1738 4150 1983 4222 'LXX
2034 4151 2172 4238 29,
2238 4149 2774 4238 membranam,

503 4285 586 4355 in
620 4278 775 4369 fol„
815 4277 1087 4354 saeculi
1121 4277 1297 4354 XV.
1358 4279 1625 4376 (ABG)

715 4411 830 4484 13.
901 4408 1445 4482 Laurentianus
1494 4407 1682 4504 plut.
1726 4409 1955 4481 LXX
1994 4410 2088 4483 32
2112 4465 2130 4497 ,
2183 4410 2647 4494 chartaceus,
2700 4409 2774 4481 in

501 4549 668 4627 oct„
709 4537 981 4613 saeculi
1016 4541 1172 4613 XV
1207 4534 1325 4610 vel
1361 4539 1583 4626 XVI,
1631 4539 1899 4611 codicis
1935 4540 2261 4612 eiusdem
2297 4538 2536 4635 plutei
2572 4544 2777 4612 sexto
