3059 5125
2298 365 2425 428 447

129 539 264 605 ille
326 538 594 623 quidem
652 537 734 604 ad
788 536 1107 602 Herodoti
1165 535 1666 621 explicationem
1725 535 2049 620 pertinere
2093 544 2424 615 statueret,

126 651 434 715 mirabili
489 671 698 715 errore
749 660 816 714 et
870 648 1167 713 inaudita
1223 649 1500 733 quadam
1559 648 1850 712 socordia
1903 649 2151 733 primus
2195 660 2262 712 et
2303 648 2428 712 sibi

128 763 212 827 in
262 764 483 827 lucem
525 762 874 848 protulisse
915 762 1258 826 videbatur
1301 762 1476 844 quod
1517 772 1616 825 ter
1658 771 1810 825 ante
1851 760 2067 847 ipsum
2110 761 2283 847 typis
2313 781 2431 825 ex-

125 897 447 960 pressum
477 884 679 952 esset,
730 884 795 938 et
835 873 1215 938 credebatur
1243 895 1282 937 a
1311 872 1774 958 posterioribus
1789 922 1810 952 ,
1859 875 2065 938 donec
2096 873 2428 957 Schweig-

128 987 427 1051 haeuser
469 987 663 1052 huius
707 985 948 1051 saeculi
992 1007 1164 1050 anno
1207 985 1370 1052 XVI
1414 1006 1551 1049 rem
1594 984 1901 1070 patefecit
1950 986 2214 1072 (Herod.
2269 997 2422 1050 tom.

127 1100 270 1177 VI,
322 1105 362 1162 2
408 1120 475 1183 p.
529 1105 650 1163 336
685 1101 878 1183 sqq.).
934 1096 1305 1181 Stephanus
1349 1097 1527 1161 enim
1572 1119 1722 1161 cum
1766 1119 1939 1162 anno
1996 1105 2150 1161 1564
2186 1098 2431 1163 Dictio-

127 1210 404 1275 narn'um
448 1209 750 1275 medicum
795 1211 1013 1274 ederet
1041 1231 1080 1272 a
1121 1231 1191 1273 se
1226 1209 1678 1294 compositum,
1710 1211 2013 1294 praefixit
2042 1211 2137 1289 ei,
2187 1222 2263 1275 ut
2293 1212 2431 1295 ipse

132 1326 236 1388 ait
252 1373 275 1401 ,
324 1323 537 1386 lexica
577 1324 707 1387 duo
749 1323 819 1386 in
850 1321 1315 1405 Hippocratem
1333 1371 1353 1400 ‚
1401 1342 1613 1385 unum
1640 1321 1935 1386 Erotiani
1979 1323 2253 1386 alterum
2285 1323 2433 1387 Ga-

135 1435 290 1498 leni
306 1484 328 1514 ‚
391 1435 612 1498 minus
667 1433 780 1498 ille
837 1434 1101 1517 quidem
1161 1447 1358 1518 quam
1411 1455 1635 1518 reapse
1692 1434 2013 1518 praestitit
2065 1434 2424 1520 professus:

133 1568 306 1610 nam
353 1545 722 1610 Galeniano
786 1544 1128 1609 subiunxit
1181 1547 1249 1631 p.
1308 1552 1526 1608 105-
1546 1550 1665 1610 109
1726 1546 1849 1610 hoc
1905 1547 2122 1631 ipsum
2178 1548 2260 1612 de
2304 1569 2432 1632 quo

133 1658 525 1742 quaerimus
571 1653 814 1730 Λεξικὸν
856 1661 976 1723 τῶν
1008 1652 1407 1744 Ἧροδοτείων
1465 1657 1683 1730 λέξεων
1700 1709 1720 1738 ,
1783 1679 1819 1722 e
1864 1659 2082 1722 codice
2135 1659 2206 1722 ni
2267 1658 2436 1723 fallit

135 1770 525 1834 coniectura
567 1769 862 1833 Parisino
876 1819 900 1847 ,
950 1790 1146 1853 quem
1189 1790 1384 1853 supra
1426 1770 1648 1834 notavi
1692 1768 1769 1848 h,
1830 1771 2245 1855 descriptum.
2319 1772 2432 1854 qui

135 1883 198 1946 si
273 1903 413 1944 non
478 1883 617 1966 ipse
682 1882 753 1945 in
820 1901 898 1945 eo
943 1882 1209 1960 erravit,
1281 1881 1441 1946 alios
1485 1891 1656 1946 certe
1700 1882 1772 1946 in
1816 1904 2092 1947 errorem
2136 1882 2429 1947 deduxit.

134 1993 423 2058 biennio
479 1994 654 2057 enim
706 2003 856 2077 post
898 1992 1431 2058 Bartholomaeus
1474 1993 1866 2059 Eustachius
1882 2044 1903 2072 ,
1962 1995 2156 2059 homo
2199 1994 2429 2073 Italus,

135 2106 447 2169 medicus
490 2103 605 2167 illa
649 2115 856 2170 aetate
913 2104 1196 2170 multum
1240 2105 1601 2170 celebratus
1618 2155 1638 2183 ‚
1697 2106 1768 2169 in
1814 2106 2097 2172 editione
2141 2107 2435 2170 Erotiani

132 2218 359 2283 latina
402 2216 661 2281 easdem
703 2216 822 2281 has
866 2215 1051 2292 λέξεις
1095 2227 1425 2302 tamquam
1469 2218 1941 2303 Hippocrateas
1988 2230 2053 2282 et
2096 2220 2178 2282 ab
2208 2220 2431 2283 Hero——

133 2331 303 2393 doto
352 2328 632 2411 quodam
662 2330 1047 2413 compositas
1089 2330 1181 2393 ita
1212 2329 1489 2413 repetiit,
1541 2340 1615 2393 ut
1657 2330 1988 2394 vocabulis
2016 2331 2262 2416 graecis
2308 2352 2434 2394 ex-

135 2440 474 2526 plicandis
517 2441 1116 2525 interpretationem
1171 2442 1524 2526 adponeret
1581 2462 1716 2505 non
1758 2464 2055 2526 graecam
2095 2442 2276 2507 illam
2321 2443 2437 2506 sed

139 2552 430 2618 eandem
473 2551 766 2617 latinam.
826 2553 980 2619 hinc
1024 2554 1283 2619 easdem
1342 2566 1635 2639 sumptas
1678 2555 2123 2641 Hieronymus
2168 2556 2436 2620 Mercu-

140 2664 334 2729 rialis
379 2664 450 2727 in
507 2665 738 2749 grandi
793 2665 908 2730 illa
950 2666 1368 2751 Hippocratis
1424 2667 1707 2732 editione
1753 2667 2005 2732 Veneta
2064 2670 2221 2732 anni
2276 2674 2433 2732 1588

140 2798 308 2842 cum
374 2775 667 2842 Erotiani
731 2776 1103 2863 Galenique
1167 2778 1757 2863 interpretamentis
1824 2779 2018 2865 plane
2084 2781 2442 2844 venditavit

143 2910 274 2975 pro
318 2888 780 2973 Hippocrateis
838 2890 1295 2976 inscripsitque
1339 2890 1657 2957 Herodoti
1695 2889 2166 2958 Dictionm-ium
2220 2911 2435 2956 vocum

143 3000 602 3085 Hippocratis.
654 3001 726 3065 in
772 3001 1146 3067 Genevensi
1189 3024 1411 3067 rursus
1455 3004 1612 3067 anni
1664 3010 1823 3066 1657
1873 3003 2242 3088 exemplum
2282 2973 2437 3067 ste-⁰-

140 3113 561 3199 phanianum
625 3124 1004 3192 renovatur,
1076 3126 1142 3178 at
1204 3115 1275 3178 in
1333 3114 1627 3179 Parisina
1672 3115 1968 3179 Charteri
2033 3114 2437 3179 nobilissima

144 3225 316 3290 anni
371 3231 530 3288 1679
577 3234 732 3289 tom.
782 3225 852 3289 H
881 3248 947 3310 p.
991 3233 1346 3290 140-144
1393 3248 1622 3309 graeca
1668 3226 1979 3312 Stephani
2024 3249 2173 3291 cum
2216 3227 2438 3290 latinis

145 3335 498 3400 Eustachii
543 3336 889 3401 coniuncta
931 3337 1102 3402 hanc
1143 3339 1275 3403 iam
1320 3339 1566 3403 habent
1605 3340 2207 3424 praescriptionem:
2240 3335 2439 3425 Ἡρο-

144 3443 335 3514 δότου
381 3445 623 3521 Λεξικὸν
666 3453 787 3514 τῶν
829 3446 973 3537 παρ’
1012 3445 1393 3538 Ἱπποκράτει
1437 3451 1655 3523 λέξεων
1697 3457 1874 3516 τινῶν
1892 3502 1912 3530 ,
1974 3452 2298 3534 simulque
2342 3452 2437 3514 uti

145 3559 454 3625 ordinem
508 3559 970 3625 vocabulorum
1027 3564 1110 3626 ad
1164 3563 1375 3647 ipsam
1419 3583 1715 3627 normam
1770 3563 2101 3647 alphabeti
2145 3563 2437 3627 refictum

145 3673 247 3736 sic
290 3671 581 3755 insignia
621 3672 736 3736 illa
781 3672 1208 3758 Stephaniani
1262 3673 1647 3759 exemplaris
1705 3675 1864 3739 vitia
1878 3724 1899 3754 ‚
1958 3675 2139 3739 velut
2183 3671 2437 3762 ἆφιὸέας

146 3778 438 3870 ἆποφρήν
482 3779 806 3871 ἀχαιρεσίη
825 3836 845 3865 ,
896 3785 1121 3850 sedulo
1167 3797 1436 3851 servata.
1488 3787 1647 3871 quid
1691 3787 1864 3871 quod
1908 3809 2080 3850 anno
2127 3792 2287 3850 1780
2334 3788 2429 3850 Io.

149 3896 284 3960 Ge.
351 3895 599 3959 Frider.
661 3896 973 3962 Franzius
991 3947 1013 3976 ,
1073 3899 1231 3961 dum
1284 3898 1405 3962 tria
1463 3899 1624 3962 haec
1668 3899 1799 3962 iam
1843 3899 2092 3962 (ludum
2137 3898 2439 3963 societate

150 4006 440 4091 quadam
497 4007 797 4092 'copulata
851 4009 1163 4093 glossaria
1207 4010 1524 4095 singulari
1582 4011 1867 4075 editione
1908 4010 2202 4096 reponit,
2273 4008 2439 4073 nihil

150 4118 270 4182 ille
314 4119 652 4203 suspicans
710 4132 825 4184 aut
868 4143 1100 4186 curans
1161 4114 1334 4207 quid¹
1363 4122 1623 4186 interim
1667 4121 1772 4187 vel
1815 4122 2292 4206 Iungermanus
2336 4120 2440 4185 vel

152 4229 409 4294 Galeus
469 4231 570 4295 vel
616 4231 989 4298 Gronovius
1046 4233 1149 4299 vel
1205 4235 1428 4318 paucis
1482 4244 1635 4298 ante
1693 4235 1883 4298 annis
1940 4233 2310 4317 Wesseling
2367 4233 2439 4296 in

151 4341 280 4405 hoc
323 4363 564 4425 genere
609 4344 1167 4409 administrassent
1187 4394 1208 4423 ,
1269 4346 1541 4410 mirifica
1599 4347 1938 4411 securitate
1996 4345 2227 4410 infelix
2274 4344 2440 4408 illud

153 4452 374 4517 denuo
419 4455 859 4533 resuscitavit,
909 4458 1214 4542 ampliato
1262 4457 1502 4521 scilicet
1548 4458 1738 4521 titulo
1784 4468 2167 4535 mactatum,
2230 4458 2438 4521 Hero-
