3059 5125
1074 320 1477 383 -Ε-
2327 324 2410 383 49

180 502 307 563 κῶν
338 496 378 591 ἡ
411 493 570 591 αὐτὴ
610 497 692 592 ἧν
729 498 852 593 τὴν
887 500 1002 564 νῦν
1032 493 1298 590 Δωρίδα
1335 493 1689 587 καλέομεν.
1745 496 1912 565 τοῖσι
1942 494 2014 565 δέ
2056 487 2412 591 Ἀργείοισι

182 614 287 682 καὶ
330 616 483 685 τοῖσι
516 608 914 712 Αἰγινήτῃσι
950 618 1057 684 καὶ
1093 618 1261 711 πρὸς
1296 620 1506 684 ταῦτα
1546 612 1644 684 ἔτι
1679 614 1832 684 τόδε
1879 620 2157 712 ποιῆσαι
2206 616 2410 706 νόμον

182 729 531 829 εἶναιπαρὰ
565 737 750 829 σφίσι
789 732 1162 830 ἑκατέροισι
1213 733 1333 814 τὰς
1380 736 1668 830 περόνας
1704 732 2019 829 ἡμιολίας
2062 732 2411 804 ποιέεσθαι

180 856 290 920 τοῦ
320 853 456 922 τότε
490 860 935 932 κατεστεῶτος
982 853 1260 949 μέτρου,
1301 857 1407 923 καὶ
1445 852 1516 931 ἐς
1547 854 1620 921 τὸ
1660 852 1795 948 ίρδν
1846 859 1980 921 τῶν
2024 850 2204 923 θεῶν
2255 877 2411 922 του-

118 997 147 1042 5
181 968 332 1039 τέων
364 972 642 1067 περόνας
691 971 984 1064 μάλιστα
1034 967 1418 1042 ἀνατιθέναι
1453 968 1571 1049 τὰς
1607 975 1949 1066 γυναῖκας,
1994 964 2284 1042 Ἀττικὸν
2338 970 2413 1041 δὲ

182 1091 336 1185 μήτε
367 1114 422 1158 τι
456 1087 620 1160 ἄλλο
667 1088 1069 1187 προσφέρειν
1124 1092 1293 1186 πρὸς
1327 1092 1403 1161 τὸ
1452 1092 1589 1188 ἱρὸν
1634 1094 1805 1187 μήτε
1855 1089 2145 1187 κέραμον
2170 1147 2188 1177 ,
2246 1080 2403 1160 ἀλλ’

179 1206 251 1281 ἐκ
280 1207 584 1303 χυτρίδων
624 1207 1046 1305 ἐπιχωριέων
1077 1211 1281 1300 νόμον
1317 1212 1393 1280 τὸ
1432 1209 1663 1280 λοιπὸν
1706 1208 1942 1281 αὐτόθι
1979 1207 2148 1279 εἶναι
2179 1213 2409 1280 πίνειν.

308 1318 604 1423 Ἀργείων
662 1326 784 1420 μέν
836 1353 947 1397 νυν
1001 1331 1110 1399 καὶ
1147 1324 1560 1425 Αἰγινητέων
1615 1331 1680 1398 αἱ
1735 1330 2042 1424 γυναῖκες
2090 1327 2163 1398 ἐκ
2212 1330 2416 1399 τόσου
2449 1339 2529 1400 89

180 1438 310 1514 κατ’
353 1444 480 1542 ἔριν
515 1449 637 1543 τὴν
668 1434 1068 1543 Ἀθηναίων
1102 1450 1394 1544 περόνας
1429 1446 1526 1518 ἔτι
1565 1448 1671 1516 καὶ
1708 1446 1778 1524 ἐς
1813 1446 1934 1538 ἐμὲ
1973 1446 2251 1545 ἐφόρεον
2292 1447 2413 1539 μέ-

97 1585 149 1633 10
183 1563 359 1643 ζονας
389 1563 431 1661 ἢ
466 1567 596 1662 πρὸ
623 1571 765 1651 τοῦ,
803 1574 926 1664 τῆς
953 1564 1026 1636 δέ
1056 1565 1316 1664 ἔχθρης
1352 1575 1473 1665 τῆς
1499 1568 1667 1663 πρὸς
1702 1565 2063 1664 Αἰγινήτας
2095 1565 2164 1646 ἐξ
2189 1556 2415 1663 Ἀθη-

181 1686 362 1752 ναίων
412 1684 781 1781 γενομένης
829 1683 1007 1783 ἀρχὴ
1061 1682 1229 1755 κατὰ
1275 1685 1357 1756 τὰ
1427 1688 1686 1783 εἴρηται
1737 1685 2020 1782 ἐγένετο.
2124 1688 2272 1756 τότε
2329 1686 2415 1782 δὴ

183 1796 474 1900 Θηβαίων
523 1802 1096 1896 ἐπικαλεομένων,
1151 1804 1522 1901 προθύμως
1578 1811 1708 1874 τῶν
1757 1802 2029 1902 περὶτὰ
2065 1801 2419 1900 ἀγάλματα

181 1920 528 2013 γενομένων
601 1917 1260 2019 ἀναμιμνησκόμενοι
1320 1925 1381 1993 οἱ
1441 1924 1789 2022 Αἰγινῆται
1856 1923 2186 2022 ἐβοήθεον
2250 1926 2420 1995 τοῖσι

183 2033 537 2151 Βοιωτοζσι.
631 2040 979 2139 Αἰγινῆταί
1034 2067 1104 2112 τε
1151 2041 1236 2138 δὴ
1277 2042 1544 2140 ἐδηίουν
1581 2051 1707 2142 τῆς
1734 2031 2049 2141 Ἀττικῆς
2078 2042 2159 2114 τὰ
2194 2066 2417 2138 παρα-

101 2174 152 2222 15
183 2154 528 2245 θαλάσσια,
574 2161 682 2229 καὶ
709 2148 1140 2256 Ἀθηναίοισι
1178 2160 1622 2258 ὁρμημένοισι
1660 2151 1767 2234 ἐπ’
1813 2163 2176 2258 Αἰγινήτας
2212 2186 2417 2256 στρα-

183 2277 466 2349 τεύεσθαι
533 2278 707 2375 ἦλθε
770 2282 1094 2376 μαντήιον
1155 2278 1229 2350 ἐκ
1283 2277 1602 2376 Δελφῶν,
1665 2281 2063 2377 ἐπισχόντας
2119 2277 2251 2351 ἀπὸ
2302 2284 2419 2349 τοῦ

183 2394 565 2495 Αἰγινητέων
619 2393 876 2468 ἀδικίου
929 2403 1284 2495 τριήκοντα
1336 2397 1528 2486 ἔτεα,
1583 2401 1683 2496 τῷ
1720 2401 1817 2472 ένὶ
1870 2401 1979 2470 καὶ
2034 2399 2419 2496 τριηκοστῷ

183 2514 393 2613 Αἰακῷ
440 2515 716 2610 τέμενος
767 2513 1218 2597 ἀποδέξαντας
1280 2516 1612 2615 ἄρχεσθαι
1664 2525 1780 2591 τοῦ
1844 2522 2013 2617 πρὸς
2058 2512 2422 2614 Αἰγινήτας

182 2634 492 2729 πολέμου,
556 2640 668 2706 καί
722 2660 841 2731 σφι
896 2640 1236 2734 χωρήσειν
1305 2638 1388 2709 τὰ
1439 2637 1836 2737 βούλονται·
1926 2637 2011 2734 ἢν
2061 2634 2136 2707 δὲ
2186 2633 2421 2706 αὐτίκα

102 2768 154 2817 2⁰
184 2752 792 2852 ἐπιστρατεύωνται,
840 2752 1062 2825 πολλὰ
1100 2755 1221 2849 μέν
1259 2781 1469 2851 σφεας
1505 2757 1575 2828 ἐν
1614 2760 1714 2854 τῷ
1743 2757 1986 2850 μεταξὺ
2022 2759 2142 2826 τοῦ
2177 2754 2423 2850 χρόνου

183 2875 504 2946 πείσεσθαι
538 2873 763 2946 πολλὰ
804 2874 877 2945 δὲ
915 2877 1026 2944 καὶ
1057 2879 1402 2972 ποιήσειν,
1456 2875 1651 2956 τέλος
1699 2876 1926 2970 μέντοι
1971 2871 2421 2967 καταστρέψε-

186 2989 343 3063 σθαι.
427 2999 633 3064 ταῦτα
671 2996 766 3073 ὡς
803 2989 1284 3090 ἀπενειχθέντα
1322 2996 1618 3091 ἤκουσαν
1660 2997 1722 3066 οἱ
1744 2984 2132 3090 Ἀθηναῖοι,
2170 2991 2269 3086 τῷ
2299 2988 2419 3082 μὲν

186 3109 394 3208 Αἰακῷ
415 3111 694 3205 τέμενος
751 3108 1075 3191 ἀπέδεξαν
1131 3118 1327 3183 τοῦτο
1376 3115 1453 3183 τὸ
1497 3119 1610 3183 νῦν
1650 3114 1759 3185 ἐπὶ
1794 3120 1918 3211 τῆς
1954 3109 2206 3208 ἀγορῆς
2240 3106 2420 3205 ἵδρυ-

188 3252 300 3317 ται,
332 3236 678 3329 τριήκοντα
714 3227 790 3301 δὲ
827 3229 982 3302 ἔτεα
1018 3230 1137 3302 οὐκ
1169 3229 1538 3330 ἀνέσχοντο
1568 3230 1974 3311 ἀκούσαντες
2010 3230 2186 3309 ὅκως
2219 3229 2419 3325 χρεὸν

110 3364 161 3414 25
191 3348 279 3445 εἴη
314 3347 599 3447 ἐπισχεῖν
630 3348 1051 3429 πεπονθότας
1099 3342 1216 3422 ὑπ’
1262 3350 1678 3448 Αἰγινητέων
1720 3348 2021 3447 ἀνάρσια.
2101 3349 2172 3429 ἐς
2206 3374 2420 3443 τιμω-
2453 3360 2536 3420 90

192 3469 319 3564 ρίην
348 3466 418 3539 δὲ
442 3467 1169 3568 παρασκευαζομένοισι
1195 3470 1450 3544 αὐτοῖσι
1473 3470 1548 3542 ἐκ
1567 3470 2114 3562 Λακεδαιμονίων
2140 3477 2423 3568 πρῆγμα

371 3755 518 3811 5-7.
556 3756 877 3811 Athenaeus
901 3757 986 3811 xl
1008 3774 1062 3828 p.
1095 3759 1213 3811 ⁵02.
1256 3787 1318 3799 —
1359 3760 1407 3810 7.
1447 3756 1647 3811 Pollux
1670 3755 1745 3810 VI
1778 3758 1874 3809 100

196 3966 205 3982 ⁸
279 3901 320 3954 2.
357 3910 574 3973 ποιῆσαι.
626 3902 784 3972 νόμον
835 3921 877 3957 z.
918 3921 980 3966 eu
1047 3903 1161 3957 icor
1199 3879 1365 3956 fuiss-e
1415 3902 1552 3964 δόξαι
1599 3901 1701 3964 (vel
1741 3902 1898 3965 ἔδοξε)
1948 3909 2157 3972 ποιῆσαι
2196 3902 2352 3970 νόμον
2409 3903 2427 3970 ΙΙ

196 3968 235 4017 ὁ.
260 3970 379 4039 παρὰ
403 3988 535 4043 σφισι
553 3973 618 4035 Ρ,
648 3970 788 4040 παρά
803 3989 964 4044 σφισιν
1032 4011 1045 4033 ,
1078 3991 1150 4025 πα
1181 3972 1215 4025 ά
1234 3989 1263 4023 c
1304 3991 1347 4025 ιν
1363 3991 1409 4036 r,
1440 3973 1578 4041 παρά
1604 3989 1631 4023 σ
1674 3990 1691 4023 ι
1712 3990 1739 4023 z
1776 3975 1797 4037 ΙΙ
1831 3974 2060 4041 περώνας
2086 3973 2161 4025 Βι
2197 3974 2218 4035 ΙΙ
2256 3974 2302 4022 5.
2329 3972 2425 4038 μα’-

196 4031 313 4088 λιστα
328 4050 445 4107 post
458 4046 706 4110 γυναῖκας
727 4058 756 4092 r
788 4042 811 4105 ΙΙ
854 4040 1107 4093 ἀντιθέναι
1207 4043 1228 4106 ΙΙ
1299 4082 1309 4092 .
1367 4040 1547 4110 υτρίων
1562 4041 1640 4093 Po
1668 4041 1703 4094 l.
1745 4045 1767 4106 ΙΙ
1810 4040 2097 4111 ἐπιχωρίων
2120 4059 2193 4092 rz.
2220 4039 2423 4093 Athen.

198 4101 312 4157 Poll.
368 4112 390 4172 u
444 4111 491 4161 8.
545 4110 607 4162 ἐκ
639 4109 791 4161 τόσου
828 4110 1108 4178 Krueger=
1147 4109 1335 4162 ἔκτετ
1366 4126 1456 4162 σου
1513 4113 1537 4176 ΙΙ
1595 4113 1642 4162 9.
1684 4111 1779 4179 τὴν
1804 4112 1973 4164 ABre
2011 4118 2112 4161 τῶν
2170 4111 2193 4174 11
2255 4110 2335 4160 10.
2376 4108 2428 4168 ἐξ

200 4168 423 4243 ἅθηναίων
445 4180 667 4232 ΑΒΟᾱε
705 4176 993 4248 ἀθηναίοισι
1049 4181 1071 4243 ΙΙ
1134 4180 1212 4230 11.
1256 4178 1312 4231 δὲ
1338 4179 1428 4233 P'·
1475 4181 1497 4243 ΙΙ
1550 4181 1629 4230 14.
1669 4181 1740 4242 τε]
1772 4178 1827 4230 δὲ
1854 4180 1915 4240 d,
1955 4196 2009 4230 τε
2035 4195 2142 4230 om.
2179 4176 2367 4246 0(q‘?;-z
2412 4177 2431 4244 ΙΙ

201 4238 371 4310 &hmo-o
394 4248 627 4310 ABCP,
669 4245 855 4316 ἐδῄουν
879 4248 942 4310 d,
982 4247 1162 4315 ἐδήευν
1197 4265 1243 4308 r,
1275 4240 1456 4320 ἐδῄουν
1481 4263 1508 4297 z
1556 4250 1578 4312 ΙΙ
1629 4249 1707 4298 15.
1751 4246 2131 4316 ὡρμεωμένοισι
2155 4265 2181 4298 z
2227 4248 2250 4311 ΙΙ
2297 4245 2429 4316 αἰγί-

198 4327 348 4447 ϊιῗ,
381 4317 571 4437 μᾷ.
590 4306 934 4454 {wasa
949 4315 1146 4449 τε)
1161 4314 1434 4438 ὲ;.ἕὲὲ3ῖ
1459 4316 1978 4449 {5'225‘2321‘23322320
2073 4355 2097 4448 i.
2117 4314 2303 4434 ”51021
2337 4315 2430 4435 *253

203 4449 319 4500 AB:
349 4456 506 4521 χρεὼν
575 4403 602 4518 ᾗ
674 4455 755 4503 25.
798 4450 906 4517 ὑπ’]
937 4454 1064 4523 πρὸς
1089 4472 1119 4504 r
1165 4454 1188 4517 ΙΙ
1235 4455 1317 4505 26.
1360 4452 1559 4505 αὐτοῖσι
1596 4424 1700 4505 (im.
1740 4456 1787 4509 C
2279 4401 2346 4454 χρ

289 4547 516 4594 neronom
539 4553 601 4595 11.
1988 4539 2017 4586 4
