3059 5125
1086 304 1501 365 —H—
2312 306 2430 366 261

158 464 539 546 Ὀπούντιοι
588 478 1003 575 πανστρατιῇ
1050 479 1158 547 καὶ
1198 475 1495 549 Φωκέων
1535 478 1761 575 χίλιοι.
1844 477 2033 548 αὐτοὶ
2070 477 2197 574 γάρ
2230 501 2441 572 σφεας

166 597 223 664 οἱ
258 583 602 692 ’Έλληνες
657 594 1191 683 ἐπεκαλέσαντο,
1241 595 1547 692 λέγοντες
1599 590 1685 668 δι’
1749 592 2053 692 ἀγγέλων
2104 598 2200 676 ὡς
2250 596 2438 667 αὐτοὶ

167 712 283 806 μὲν
326 715 554 810 ἥκοιεν
598 714 973 813 πρόδρομοι
1021 722 1153 784 τῶν
1206 713 1468 804 ἄλλων,
1525 719 1587 786 οί
1627 713 1700 786 δὲ
1739 716 1959 787 λοιποὶ
1996 724 2129 787 τῶν
2170 715 2436 810 συμμά-

160 859 298 929 χων
336 834 774 932 προσδόκιμοι
821 837 1042 906 πᾶσαν
1080 832 1209 907 εἶεν
1264 836 1569 934 ἡμέρην,
1625 837 1671 933 ἡ
1712 833 2023 908 θάλασσά
2056 834 2132 906 τέ
2168 861 2287 932 σφι
2325 837 2429 933 εἴη

104 979 130 1022 5
162 951 226 1022 ἐν
276 951 549 1050 φυλακῇ
612 946 723 1024 ὑπ’
780 942 1174 1049 Ἀθηναίων
1230 980 1300 1026 τε
1348 954 1808 1053 φρουρεομένη
1863 957 1970 1025 καὶ
2016 949 2431 1053 Αἰγινητέων

164 1074 423 1142 καὶτῶν
453 1071 523 1151 ἐς
551 1075 660 1143 τὸν
687 1074 988 1142 ναυτικὸν
1022 1076 1300 1171 στρατὸν
1336 1072 1747 1169 ταχθέντων,
1786 1079 1894 1144 καί
1922 1099 2041 1168 σφι
2078 1073 2184 1170 εἴη
2218 1073 2432 1144 δεινὸν

162 1190 385 1261 οὐδέν·
457 1191 538 1262 οὐ
595 1189 721 1290 γὰρ
775 1192 931 1263 θεὸν
969 1189 1136 1274 εἶναι
1172 1194 1281 1261 τὸν
1319 1191 1735 1265 έπιόντα’ἑπὶ
1774 1196 1895 1290 τὴν
1923 1181 2233 1264 Ἑλλάδα
2269 1180 2421 1262 ἀλλ’

164 1309 519 1407 ἄνθρωπον
541 1369 559 1398 ,
598 1309 769 1382 εἶναι
806 1309 880 1382 δὲ
915 1310 1164 1409 θνητὸν
1205 1310 1449 1382 οὐδένα
1487 1309 1645 1382 οὐδὲ
1679 1310 1955 1384 ἔσεσθαι
1992 1314 2093 1404 τῷ
2130 1313 2328 1383 κακὸν
2365 1310 2434 1391 ἐξ

164 1427 373 1528 ἀρχῆς
403 1430 736 1526 γινομένῳ
773 1428 853 1499 οὐ
892 1430 1295 1528 συνεμίχθη,
1334 1433 1502 1503 τοῖσι
1541 1427 1614 1501 δὲ
1652 1435 2015 1527 μεγίστοισι
2051 1430 2271 1501 αὐτῶν
2315 1429 2436 1524 μέ·

94 1577 131 1617 ιο
163 1574 366 1644 γιστα.
455 1547 746 1644 ὀφείλειν
787 1547 879 1618 ὧν
918 1552 1026 1620 καὶ
1063 1552 1174 1620 τὸν
1215 1548 1706 1637 ἐπελαύνοντα,
1768 1551 1862 1628 ὡς
1912 1548 2106 1620 ε’όντα
2161 1549 2431 1646 θνητόν,

164 1665 286 1738 ἀπὸ
322 1677 446 1767 τῆς
494 1667 695 1766 δόξης
734 1670 958 1740 πεσεῖν
1016 1667 1116 1739 ἄν.
1214 1670 1275 1739 οἱ
1330 1666 1403 1740 δὲ
1443 1674 1652 1739 ταῦτα
1688 1667 2182 1761 πυνθανόμενοι
2221 1668 2431 1767 ἐβοή-

164 1787 309 1859 θεον
347 1788 423 1867 ές
457 1791 579 1885 τὴν
620 1783 942 1884 Τρηχῖνα.

308 1904 622 1977 Τούτοισι
658 1907 833 2004 ἦσαν
873 1906 991 1998 μέν
1040 1933 1153 1976 νυν
1203 1910 1307 1977 καὶ
1354 1906 1548 1978 ἄλλοι
1586 1910 1952 2005 στρατηγοὶ
1994 1904 2158 1978 κατὰ
2191 1908 2570 1986 πόλιας204

166 2027 489 2114 ἑκάστων,
548 2027 584 2095 ό
636 2025 710 2096 δὲ
746 2026 1276 2119 θωυμαζόμενος
1314 2026 1604 2119 μάλιστα
1642 2029 1749 2097 καὶ
1785 2028 2034 2105 παντὸς
2070 2032 2187 2096 τοῦ
2225 2051 2430 2123 στρα-

93 2163 134 2210 ιῑ)
165 2147 482 2237 τεύματος
518 2146 886 2241 ἡγεόμενος
926 2144 1456 2239 Λακεδαιμόνιος
1504 2147 1588 2243 ἧν
1643 2143 1992 2242 Λεωνίδης
2036 2145 2071 2214 ὁ
2101 2134 2430 2224 Ἀναξαν-

168 2263 397 2360 δρίδεω
449 2269 570 2334 τοῦ
614 2261 905 2343 Λέοντος
962 2271 1077 2334 τοῦ
1118 2261 1625 2363 Εὐρυκρατίδεω
1678 2268 1795 2333 τοῦ
1824 2250 2279 2361 Ἀναξάνδρου
2315 2268 2431 2333 τοῦ

170 2378 619 2481 Εὐρυκράτεος
669 2388 785 2453 τοῦ
828 2382 1236 2482 Πολυδώρου
1282 2389 1396 2454 τοῦ
1426 2377 1887 2476 Ἀλκαμένεος
1931 2387 2051 2451 τοῦ
2089 2379 2432 2480 Τηλέκλου

168 2507 272 2573 τοῦ
298 2490 659 2601 Ἀρχέλεω
703 2508 821 2574 τοῦ
852 2489 1253 2601 Ἡγησίλεω
1307 2508 1424 2575 τοῦ
1482 2500 1828 2601 Δορύσσου
1880 2507 1997 2572 τοῦ
2037 2499 2431 2601 Λεωβώτεω

168 2611 766 2719 τοῦἘχεστράτου
819 2628 938 2693 τοῦ
977 2609 1221 2719 Ἤγιος
1276 2631 1393 2694 τοῦ
1449 2619 1909 2719 Εὐρυσθένεος
1964 2627 2082 2692 τοῦ
2110 2614 2430 2718 Ἀριστο-

93 2754 138 2804 τυ
171 2738 378 2836 δήμου
440 2746 560 2812 τοῦ
614 2730 1128 2838 Ἀριστομάχου
1196 2748 1313 2812 τοῦ
1382 2739 1756 2812 Κλεοδαίου
1819 2745 1934 2810 τοῦ
1985 2729 2249 2809 “Υλλου
2314 2744 2430 2809 τοῦ

162 2846 564 2955 Ἡρακλέος,
606 2861 1029 2957 κτησάμενος
1066 2863 1186 2957 τὴν
1226 2860 1594 2960 βασιληίην
1636 2860 1704 2930 ἐν
1746 2858 2026 2955 Σπάρτῃ
2067 2858 2136 2936 ἐξ
2173 2856 2429 2953 ἀπροσ-

173 2978 463 3074 δοκήτου.
592 2978 784 3058 διξῶν
859 2980 986 3077 γάρ
1059 2982 1122 3050 οἱ
1192 2979 1437 3051 ἐόντων
1511 2976 1981 3077 πρεσβυτέρων
2054 2975 2566 3070 ἀδελφεῶν,205

175 3093 581 3190 Κλεομένεός
631 3123 704 3169 τε
744 3100 853 3169 καὶ
889 3095 1223 3196 Δωριέος,
1276 3095 1685 3196 ἀπελήλατο,
1718 3105 1840 3195 τῆς
1891 3095 2240 3194 φροντίδος
2277 3096 2430 3191 περὶ

174 3224 283 3313 τῆς
346 3216 737 3316 βασιληίης.
841 3215 1302 3297 ἀποθανόντος
1359 3215 1433 3289 δὲ
1484 3213 1910 3308 Κλεομένεος
1975 3211 2258 3292 ἄπαιδος
2314 3211 2429 3309 ἔρ-

94 3350 143 3401 23
176 3360 351 3417 σενος
386 3341 623 3433 γόνου,
679 3333 975 3434 Δωριέος
1026 3361 1098 3407 τε
1144 3337 1363 3407 οὐκέτι
1409 3335 1635 3412 ἐόντος
1690 3330 1868 3404 ἀλλὰ
1913 3332 2430 3429 τελευτήσαντος

464 3572 543 3626 ὅτι
566 3572 830 3643 Λεωνίδης
855 3574 1033 3644 ἠγεῖτο
1056 3579 1157 3624 τῶν
1182 3570 1237 3625 ἐν
1263 3569 1617 3641 Θερμοπύλαις

365 3764 412 3813 8.
452 3760 579 3815 εἶναι
605 3793 634 3803 -
660 3764 691 3811 9
717 3763 927 3832 μέγιστα
954 3760 1221 3814 Stobaeus
1247 3757 1404 3812 florilt
1436 3756 1850 3811 Lxxxxvnl
1883 3759 1945 3807 74

270 3900 311 3947 2.
353 3899 722 3952 ἐπεκαλέσαντο
748 3897 796 3951 οἱ
822 3897 1031 3967 ἔλληνες
1064 3897 1133 3959 C,
1176 3897 1224 3948 οἱ
1251 3896 1459 3964 ἔλληνες
1497 3894 1833 3947 ἐπεκαλέοντο
1862 3894 1917 3946 R
1977 3896 1998 3957 11
2058 3893 2106 3941 4.
2148 3890 2313 3971 πᾶσάν
2338 3890 2432 3941 εἰσι

187 3968 358 4019 wod
400 3973 422 4031 11
470 3973 519 4020 5.
561 3968 726 4020 ὐπὸᾱ
769 3969 791 4029 ΙΙ
852 3967 1197 4037 φρουρεουμέν
1261 3966 1313 4016 R
1374 3967 1395 4028 11
1457 3967 1502 4015 7.
1548 3963 1678 4015 ἀλλὰ
1705 3963 1811 4013 ΑΒ
1880 3969 1902 4019 11
1973 3964 2019 4010 8.
2064 3957 2153 4010 οὐδ
2207 3957 2359 4027 Stob.
2413 3959 2421 4027 1

182 4032 562 4105 ἑξαςηῆςΑΒΟ
603 4040 625 4100 11
674 4039 722 4086 9.
765 4035 1063 4104 γεινομένωι
1088 4034 1195 4087 AB
1275 4038 1295 4099 11
1344 4033 1536 4085 αὐτέων
1561 4050 1587 4083 z
1634 4034 1655 4097 11
1711 4031 1917 4099 μέγιστα
1943 4026 2189 4096 ὀφείλειν·
2228 4028 2298 4077 ὢν
2324 4024 2379 4076 R

189 4103 255 4152 ¹⁰·
291 4098 354 4162 ὦς
379 4124 483 4158 um.
515 4106 570 4157 R
641 4108 662 4168 11
744 4106 817 4154 ΙΙ.
863 4110 1033 4155 πεσεῖν
1062 4103 1144 4154 R:
1184 4103 1378 4155 πεσέειν
1450 4104 1472 4165 11
1537 4103 1615 4151 12.
1655 4106 1873 4170 τρτχῖνα
1896 4097 2142 4150 τούτοισι·
2181 4094 2309 4161 ἦσαν
2335 4094 2373 4143 d

190 4172 255 4221 13.
293 4174 401 4224 ἔσαν
425 4194 450 4226 ::
520 4176 543 4237 11
614 4174 785 4232 πόλεις
816 4172 867 4224 R
937 4176 958 4237 11
1031 4175 1108 4223 1⁴.
1155 4172 1551 4238 θωυμαζόμενος
1589 4169 1689 4221 Pz:
1729 4130 2110 4233 θαυμαζόμενος
2138 4164 2199 4221 d,
2243 4160 2428 4228 θωμα-

185 4238 367 4304 ζόμενος
401 4243 562 4296 ceteri
627 4246 648 4306 11
712 4245 789 4293 16.
832 4240 1189 4309 ἀναξανδρίδου
1225 4240 1263 4291 d
1318 4242 1340 4303 11
1404 4240 1483 4288 17.
1524 4243 1616 4289 τοῦ
1646 4234 1950 4305 Πολυδώρου
1975 4238 2063 4285 τοῦ
2087 4227 2427 4298 Ἀλκαμένεος

188 4324 277 4359 om.
308 4311 357 4363 R
399 4314 421 4375 11
467 4311 806 4380 ἀλκαιμὲνεος
831 4310 997 4364 ABG
1043 4312 1065 4374 11
1121 4340 1134 4360 ι
1176 4309 1360 4360 λέκτου
1390 4299 1459 4358 A‘
1498 4309 1521 4372 11
1569 4308 1644 4357 18.
1679 4304 1751 4357 δω
1786 4304 1937 4357 ύσοου
1973 4300 2030 4363 O,
2061 4296 2321 4370 Δορυοίγου
2347 4316 2373 4350 z
2409 4298 2430 4366 11

188 4373 452 4452 Λεωβώτεω
489 4379 732 4433 correxi:
771 4379 1036 4448 λεωβότεω
1084 4382 1106 4444 11
1189 4381 1238 4430 9.
1280 4375 1621 4447 ἁρχεστράτου
1646 4374 1683 4425 d
1746 4323 1782 4439 11>
1825 4373 1971 4442 ἠγιος
2000 4370 2123 4431 ΑΒ,
2153 4367 2295 4439 ἥγιος
2327 4365 2423 4432 Cd,

188 4445 370 4515 ηγήσιος
394 4449 512 4514 PR,
545 4444 776 4519 Ητὴσιος
801 4464 827 4501 z
