3059 5125
1149 358 1438 414 Praefatio.
2268 376 2439 421 XLIII

171 534 470 627 νομάδες,
516 537 617 609 64
646 536 862 634 δέρμα
897 534 972 607 δὲ
1009 532 1374 634 ἀνθρώπου
1404 577 1490 591 --
1527 535 1899 634 λευκότητι,
1945 537 2043 609 86
2070 535 2441 631 παρέχεται

174 659 244 733 δὲ
277 665 382 734 καὶ
417 662 665 761 λίμνην
703 705 800 718 —-—-
841 662 1132 745 Πόντου,
1191 660 1249 735 Ε
1289 665 1384 737 83
1422 666 1599 763 ἦσαν
1641 662 1717 735 δὲ
1768 666 1876 734 καὶ
1910 668 2078 735 τοῖσι
2106 651 2439 734 Ἐπιδαυ-

173 794 358 887 ρίοισι
391 790 596 863 αὗται
632 793 700 863 αἱ
739 793 1080 891 ἱρουργίαι,
1141 791 1193 864 Ζ
1225 794 1320 866 59
1360 791 1815 890 συμφέρονται
1852 791 1927 864 δὲ
1965 790 2133 864 ἄλλο
2165 789 2439 862 reue-—

173 921 262 992 60
294 918 377 991 τὰ
409 920 668 1019 πάτρια
703 920 1144 1004 ἐπιτελέουσι,
1206 923 1299 996 79
1339 920 1586 994 ἄποινα
1624 919 1699 993 δὲ
1734 963 1834 974 -
1868 920 2172 1001 ἐκτίνειν,
2242 915 2302 989 ll
2344 920 2442 991 20

172 1048 416 1120 στόλων
468 1046 601 1147 γὰρ
642 1056 775 1120 τῶν
824 1051 1023 1148 ἡμεῖς
1060 1049 1246 1144 ἴδμεν
1291 1094 1384 1103 --
1426 1052 1513 1123 21
1563 1048 1716 1121 σῖτά
1749 1073 1822 1120 τε
1872 1051 1980 1120 καὶ
2027 1047 2220 1130 νέας,
2298 1049 2441 1120 190

171 1177 333 1249 ὥστε
360 1166 782 1270 Ἀμεινοκλέι
819 1219 918 1234 ν·-
950 1179 1392 1275 παιδοφόνος,
1456 1176 1481 1250 Ι
1542 1180 1636 1251 82
1686 1178 1950 1274 λέγεται
2000 1174 2077 1248 δὲ
2125 1178 2234 1248 καὶ
2286 1175 2444 1248 τάδε

171 1305 473 1401 γενέσθαι
505 1348 602 1358 --
639 1310 811 1405 πρὸς
844 1308 1002 1387 τοὺς
1037 1308 1456 1405 στρατηγοὺς
1486 1314 1622 1378 τῶν
1653 1294 2036 1404 Ἑλλήνων,
2081 1306 2177 1378 83
2217 1304 2437 1403 ἐφάνη

173 1431 239 1505 δὲ
285 1436 393 1505 καὶ
441 1434 604 1508 τόδε
654 1432 927 1532 ὕστερον
963 1476 1067 1490 --
1105 1436 1201 1508 85
1249 1437 1481 1534 τρόπῳ
1530 1435 1815 1531 τοιούτῳ
1867 1433 2112 1533 ἐτάφη.
2257 1435 2443 1507 haec

170 1561 381 1657 igitur
428 1572 508 1636 et
561 1562 833 1635 similia
880 1565 1238 1657 quaedam
1276 1563 1446 1651 alia,
1492 1563 1789 1637 tametsi
1825 1563 2029 1635 haud
2075 1564 2240 1658 pari
2284 1588 2441 1637 esse

172 1692 405 1764 omnia
465 1694 562 1764 ad
616 1694 1261 1768 demonstrandum
1311 1696 1633 1788 pondere
1682 1691 2060 1787 intellegO‚
2113 1718 2201 1765 eo
2249 1703 2441 1765 certe

173 1819 406 1893 valent
433 1822 860 1908 coniuncta,
888 1831 973 1895 ut
997 1847 1149 1894 non
1178 1833 1450 1897 temere
1478 1823 1858 1896 videamur
1885 1824 2175 1895 credere
2200 1822 2441 1915 ipsum

173 1950 626 2026 Herodotum
676 1953 1034 2046 quaedam
1085 1961 1253 2047 post
1303 1952 1678 2026 absolutas
1727 1952 2052 2046 singulas
2107 1950 2443 2024 historias

175 2079 314 2153 sive
363 2081 610 2178 λόγους
657 2081 936 2154 iteratis
983 2082 1174 2156 curis
1224 2083 1613 2156 inseruisse
1633 2137 1652 2167 ‚
1719 2080 1866 2153 alia
1918 2082 2141 2154 etiam
2190 2089 2445 2175 postea

176 2234 380 2302 quam
459 2210 810 2284 edidisset
886 2219 1120 2286 totum
1200 2235 1385 2306 opus
1463 2211 1964 2284 animadversa
2044 2219 2173 2283 aut
2247 2235 2444 2283 eom-

176 2347 370 2432 perta
399 2340 480 2410 in
518 2339 892 2435 margines
935 2340 1226 2413 interim
1266 2340 1682 2427 coniecisse,
1719 2341 2037 2434 indeque
2073 2350 2244 2435 post
2287 2340 2443 2413 eius

177 2476 465 2542 mortem
517 2469 869 2542 incohata
925 2471 1240 2542 necdum
1305 2473 1400 2542 ad
1459 2478 1867 2543 ceterorum
1920 2466 2440 2565 perfectionem

177 2597 459 2672 exculta
524 2598 756 2671 ah‘um
832 2601 1197 2693 quendam
1261 2600 1341 2672 in
1404 2609 1833 2673 contextum
1899 2600 2244 2672 orationis
2309 2624 2442 2670 suo

178 2750 522 2822 quaeque,
574 2737 663 2801 ut
698 2729 860 2801 fieri
895 2738 1163 2823 posset,
1213 2730 1373 2802 loeo
1408 2729 1811 2801 immisisse.
1899 2737 2119 2823 atque
2172 2731 2260 2801 de
2312 2727 2440 2801 illo

178 2880 424 2949 genere
487 2857 1177 2952 supplementorum
1242 2859 1398 2954 ipse
1450 2858 1555 2931 ait
1604 2855 1658 2928 Δ
1712 2858 1811 2933 30
1861 2856 2262 2957 προσθήκας
2317 2857 2403 2955 γα

181 2982 256 3080 δή
291 3012 399 3078 μοι
436 2986 474 3057 ὁ
511 2985 716 3082 λόγος
751 2985 820 3065 ἐξ
857 2983 1080 3086 ἀρχῆς
1115 2987 1417 3086 ἐδίζητο,
1476 2997 1829 3083 tanquam
1880 3010 2239 3063 excusans
2291 3013 2443 3060 am-

181 3111 537 3205 plificandi
572 3124 862 3206 praeter
898 3117 1225 3191 ordinem
1261 3142 1346 3190 ac
1382 3127 1710 3191 tenorem
1756 3141 2001 3190 rerum
2044 3115 2437 3190 licentiam.

183 3240 374 3315 alteri
407 3244 746 3338 quamvis
781 3244 860 3317 in
896 3245 1318 3319 coniectura
1363 3245 1603 3340 posito
1638 3247 1781 3319 hoc
1817 3244 2074 3319 saltem
2111 3247 2443 3319 tribuen-

182 3371 340 3447 dum
373 3373 511 3449 erit
530 3429 549 3459 ‚
599 3398 695 3449 ne
731 3373 1036 3449 calidius
1087 3375 1326 3451 dicam
1373 3400 1470 3449 an
1520 3375 1850 3461 inertius,
1903 3374 2260 3470 quidquid
2307 3353 2445 3447 im-

184 3501 408 3591 pedise
441 3503 848 3579 sentiamus
872 3504 1151 3579 fiumen
1177 3504 1641 3592 narrationiS,
1672 3504 2021 3578 continuo
2050 3506 2442 3580 exturbare

185 3652 508 3705 conemur
543 3632 758 3727 quasi
791 3630 967 3707 foris
1001 3632 1396 3709 invectum.

370 3760 879 3837 confidentius
932 3761 1316 3858 aliquanto
1364 3788 1587 3858 quam
1630 3765 1725 3837 de
1781 3763 2443 3841 additamentorum

187 3888 571 3981 suspicione
620 3890 984 3967 iudicatus
1026 3893 1118 3967 de
1166 3892 1493 3967 hiatibus
1544 3892 1995 3966 lacunarum.
2080 3918 2267 3987 quae
2319 3903 2451 3966 aut

189 4036 301 4104 per
354 4041 428 4089 se
486 4029 748 4113 patent
795 4020 1120 4114 ipsarum
1177 4023 1706 4097 sententiarum
1756 4032 2445 4117 argumentorumve

191 4141 599 4235 defectibus,
660 4158 750 4221 ut
797 4153 870 4223 A
904 4150 1023 4223 92.
1076 4152 1241 4225 167.
1311 4151 1539 4225 Β4Ο.
1581 4153 1702 4225 86.
1753 4153 1918 4225 102.
1971 4153 2136 4224 175.
2209 4150 2262 4224 Γ
2324 4154 2437 4225 14.

199 4267 302 4343 39.
342 4276 457 4353 49.
523 4275 580 4351 Δ
628 4278 748 4353 37.
802 4280 924 4354 47.
989 4279 1154 4352 149.
1229 4275 1290 4351 Ε
1336 4282 1457 4355 27.
1510 4282 1633 4355 69.
1709 4277 1771 4352 Η
1813 4282 1935 4354 76.
1984 4282 2148 4353 154.
2226 4280 2277 4352 θ
2320 4285 2437 4354 77.

207 4398 360 4474 124;
400 4416 526 4480 aut
554 4407 1040 4485 ratiocinandi
1076 4407 1485 4483 subtilitate
1523 4411 1912 4504 patefiunt,
1951 4420 2037 4483 ut
2070 4410 2149 4482 in
2185 4435 2446 4484 nume-

200 4550 417 4606 rorum
449 4537 828 4617 notatione
860 4538 924 4609 B
963 4540 1006 4612 8
1048 4538 1294 4636 (quem
1332 4540 1630 4635 quidem
1666 4538 1911 4613 locum
1952 4564 2049 4613 ne
2081 4540 2443 4614 Aristides
