3059 5125
56 4266 70 4491 ωὴ-τν--ψῑ-ιιπὛτ-Ὗ
56 4112 63 4226 ⁴ff:r›
56 4027 57 4074 222⁴

97 4442 106 4445 t
105 4374 108 4375 ,

119 4356 128 4361 ι

575 347 698 410 112
1519 343 1917 407 -Α-

576 521 824 602 κόλπος
861 519 1156 619 ἀπέργει,
1216 517 1298 589 τὰ
1341 518 1418 590 δὲ
1457 521 1624 618 πρὸς
1659 523 1852 590 νότον
1891 522 1937 618 ἡ
1976 518 2142 596 κατὰ
2173 517 2414 615 Σύμην
2447 543 2521 589 τε
2555 519 2660 587 καὶ
2683 501 2831 586 Ῥό-

575 642 689 713 δον
728 639 1093 734 θάλασσα),
1150 642 1227 710 τὸ
1264 638 1358 708 ὧν
1395 638 1481 737 δὴ
1521 640 1746 736 ὀλίγον
1786 645 2002 721 τοῦτο,
2060 639 2170 710 ἐὸν
2211 640 2369 709 ὅσον
2408 663 2483 708 τε
2516 636 2625 708 ἐπὶ
2658 636 2836 707 πέντε

574 761 843 840 στάδια,
908 761 1208 857 ὤρυσσον
1262 761 1326 831 οἱ
1382 756 1644 830 Κνίδιοι
1698 757 1767 831 ἐν
1827 760 1969 855 ὅσῳ
2007 753 2363 857 Ἅρπαγος
2417 760 2540 854 τὴν
2586 745 2837 852 Ἰωνίην

576 879 1081 979 κατεστρέφετο,
1149 878 1549 977 βουλόμενοι
1587 887 1795 978 νῆσον
1837 882 1960 976 τὴν
2000 884 2238 977 χώρην
2274 884 2579 975 ποιῆσαι.
2667 876 2840 954 ἐντὸς

576 1001 650 1073 δὲ
686 1000 873 1074 πᾶσά
912 1026 1026 1095 σφι
1065 999 1351 1096 ἐγίνετο·
1408 1002 1493 1097 τῇ
1530 997 1658 1098 γὰρ
1694 1002 1741 1098 ἡ
1784 995 2026 1097 Κνιδίη
2068 1003 2265 1096 χώρη
2309 997 2380 1078 ἐς
2418 1000 2542 1094 τὴν
2579 999 2839 1095 ἤπειρον
2895 1015 2916 1060 5

577 1121 877 1218 τελευτᾷ,
936 1121 1146 1216 ταύτῃ
1204 1119 1239 1187 ό
1298 1119 1539 1212 ἰσθμός
1590 1118 1728 1190 ἐστι
1778 1122 1889 1190 τὸν
1942 1121 2267 1217 ὤρυσσον.
2364 1119 2474 1187 καὶ
2512 1117 2599 1213 δὴ
2635 1114 2841 1211 πολλῇ

577 1242 753 1338 χειρὶ
791 1237 1260 1338 ἐργαζομένων
1295 1246 1428 1308 τῶν
1465 1217 1777 1323 Κνιδίων,
1815 1237 2073 1332 μᾶλλον
2114 1239 2240 1336 γάρ
2279 1262 2338 1308 τι
2379 1240 2490 1308 καὶ
2526 1219 2844 1333 θειότερον

579 1361 930 1457 ἐφαίνοντο
984 1359 1467 1457 τιτρώσκεσθαι
1525 1360 1589 1429 οί
1660 1358 2097 1457 ἐργαζόμενοι
2155 1363 2272 1429 τοῦ
2331 1358 2593 1437 οἰκότος
2646 1356 2734 1426 τά
2782 1378 2847 1423 τε

581 1478 758 1551 ἄλλα
814 1483 934 1550 τοῦ
986 1483 1302 1573 σώματος
1359 1481 1466 1550 καὶ
1526 1478 1819 1570 μάλιστα
1885 1475 1968 1547 τὰ
2036 1482 2190 1576 περὶ
2246 1479 2406 1556 τοὺς
2464 1475 2849 1573 ὀφθαλμοὺς

577 1598 1012 1698 θραυομένης
1068 1606 1192 1699 τῆς
1239 1600 1526 1697 πέτρης,
1600 1597 1902 1690 ἔπεμπον
1957 1597 2029 1678 ἐς
2079 1596 2385 1693 Δελφοὺς
2440 1595 2849 1694 θεοπρόπους
2881 1615 2923 1662 m

580 1719 1147 1818 ἐπειρησομένους
1203 1721 1277 1789 τὸ
1342 1717 1661 1800 ἀντίξοον.
1770 1719 1817 1815 ἡ
1877 1716 1952 1788 δὲ
2016 1714 2267 1814 Πυθίη·
2301 1742 2452 1812 σφι,
2521 1718 2619 1795 ὡς
2675 1714 2851 1786 αὐτοὶ

584 1836 843 1911 Κνίδιοι
882 1837 1171 1936 λέγουσι,
1216 1839 1354 1937 χρᾷ
1394 1838 1464 1909 ἐν
1503 1837 1841 1938 τριμέτρῳ
1876 1841 2051 1933 τόνῳ
2086 1838 2267 1908 τάδε.

787 1959 1026 2052 ἰσθμὸν
1067 1957 1142 2029 δὲ
1182 1963 1278 2056 μὴ
1316 1964 1649 2058 πυργοῦτε
1682 1952 1852 2055 μηδ’
1899 1957 2255 2057 ὀρύσσετε·

789 2077 958 2161 Ζεὺς
995 2079 1122 2176 γάρ
1160 2066 1220 2148 κ’
1271 2076 1482 2175 ἔθηκε
1518 2085 1748 2177 νῆσον,
1791 2079 1855 2149 εἴ
1886 2067 1945 2148 κ’
1992 2075 2331 2178 ἐβούλετο.

589 2197 846 2272 Κνίδιοι
905 2196 1024 2291 μὲν
1078 2203 1287 2270 ταῦτα
1337 2206 1461 2298 τῆς
1499 2195 1765 2297 Πυθίης
1814 2198 2179 2296 χρησάσης
2214 2202 2335 2268 τοῦ
2370 2221 2443 2269 τε
2482 2198 2855 2296 ὀρύγματος
2886 2213 2929 2261 ¹5

583 2320 961 2391 ἐπαύσαντο
1028 2321 1134 2390 καὶ
1183 2311 1516 2417 ζΑρπάγῳ
1580 2317 1829 2390 ἐπιόντι
1891 2318 2012 2389 σὺν
2072 2319 2172 2412 τῷ
2231 2319 2496 2415 στρατῷ
2558 2314 2857 2414 ἀμαχητὶ

453 2458 524 2517 17
535 2459 572 2517 5
590 2438 807 2537 σφέας
843 2437 1086 2519 αὐτοὺς
1121 2437 1523 2537 παρέδοσαν.
1618 2440 1792 2536 ἦσαν
1830 2434 1904 2508 δὲ
1946 2435 2299 2535 Πηδασέες
2335 2438 2666 2518 οἰκέοντες
2703 2435 2857 2533 ὑπὲρ

574 2549 1125 2658 ζΑλικαρνησσοῧ
1164 2561 1549 2656 μεσόγαιαν,
1601 2561 1771 2630 τοῖσι
1820 2558 1993 2638 ὅκως
2040 2584 2102 2628 τι
2147 2555 2387 2652 μέλλοι
2424 2555 2855 2657 ἀνεπιτήδεον

586 2680 882 2761 ἔσεσθαι,
927 2679 1188 2751 αὐτοῖσί
1224 2704 1296 2750 τε
1335 2682 1445 2750 καὶ
1480 2683 1651 2751 τοῖσι
1686 2683 2100 2776 περιοίκοισι,
2157 2679 2204 2775 ἡ
2258 2678 2430 2777 ίρείη
2484 2685 2609 2778 τῆς
2637 2667 2856 2775 Ἀθη-

585 2805 785 2898 ναίης
819 2804 1118 2897 πώγωνα
1153 2798 1362 2895 μέγαν
1409 2800 1605 2896 ἴσχει.
1698 2802 1841 2897 τρίς
1892 2824 2006 2893 σφι
2055 2801 2252 2868 τοῦτο
2305 2797 2589 2895 ἐγένετο.
2688 2797 2858 2868 οὗτοι
2887 2812 2934 2861 20

588 2928 722 2991 τῶν
758 2921 909 3018 περὶ
952 2916 1218 3018 Καρίην
1257 2917 1516 3016 ἀνδρῶν
1565 2922 1798 3013 μοῦνοί
1851 2943 1921 2989 τε
1958 2914 2285 3015 ἀντέσχον
2322 2921 2564 3016 χρόνον
2594 2906 2857 3016 “Αρπά-

590 3066 692 3137 γῳ
746 3042 851 3110 καὶ
906 3043 1276 3138 πρήγματα
1324 3037 1669 3136 παρέσχον
1726 3038 2044 3119 πλεῖστα,
2104 3036 2261 3135 ὅρος
2309 3042 2729 3134 τειχίσαντες
2778 3038 2866 3130 τῷ

592 3157 851 3253 οὔνομά
888 3159 1026 3231 ἐστι
1065 3160 1263 3257 Λίδη.

458 3288 578 3349 176
751 3277 1107 3377 Πηδασέες
1145 3279 1268 3372 μέν
1307 3306 1418 3349 νυν
1458 3283 1686 3377 χρόνῳ
1723 3279 2203 3379 ἐξαιρέθησαν·
2260 3278 2492 3350 Λύκιοι
2529 3280 2623 3363 δέ,
2669 3282 2767 3360 ὡς
2800 3278 2862 3356 ἐς

592 3403 665 3471 τὸ
705 3397 994 3471 Ξάνθιον
1031 3400 1260 3472 πεδίον
1291 3399 1510 3497 ἤλασε
1548 3400 1585 3470 ὁ
1608 3394 1963 3498 (Ἀρπαγος
1995 3402 2106 3470 τὸν
2146 3401 2447 3496 στρατόν,
2500 3398 2862 3479 ἐπεξιόντες
2889 3418 2936 3468 25

901 3672 1016 3744 περὶ
1038 3678 1129 3725 τοῦ
1155 3674 1378 3744 πώγωνα
1401 3642 1619 3744 φύεσθαι
1639 3673 1705 3746 τῇ
1724 3673 1779 3727 ἐν
1805 3669 2032 3743 Πηδάσῳ
2056 3677 2151 3742 τῆς
2176 3665 2399 3744 Ἀθηνᾶς
2428 3672 2582 3744 ἱερείᾳ
2760 3670 2863 3742 περὶ

799 3747 889 3795 τοῦ
915 3743 1041 3814 πρὸς
1065 3740 1288 3801 Λυκίους
1311 3742 1400 3794 καὶ
1425 3739 1681 3801 Καυνίους
1704 3741 1936 3811 πολέμου

807 4007 884 4058 11.
929 4002 1120 4068 Λέξεις.
1163 4032 1230 4044 --
1281 4005 1342 4056 13
1369 4020 1449 4073 sq.
1497 4002 1828 4068 (Oenomaus
1853 4000 2000 4074 apud
2025 4002 2226 4057 Euseb.
2257 4018 2441 4074 praep.
2474 4020 2554 4057 ev.
2587 4003 2635 4057 V
2660 4005 2767 4070 26).
2808 4027 2861 4040 -·

705 4078 783 4128 18.
816 4104 845 4115 -
871 4076 937 4127 20
974 4074 1170 4129 Strabo
1195 4091 1248 4145 p.
1282 4075 1376 4126 611

708 4249 749 4301 1.
792 4246 1015 4321 ἀπείργει
1044 4246 1114 4302 Cz
1171 4249 1194 4313 11
1255 4249 1304 4299 5.
1346 4248 1538 4319 ἐγίνετο
1563 4246 1704 4301 AB=
1733 4246 1930 4317 ἐγένετο
1978 4249 2000 4311 11
2060 4250 2108 4299 6.
2153 4245 2323 4317 πολλὴ
2348 4247 2456 4300 AB
2507 4250 2530 4313 11
2589 4250 2638 4299 8.
2680 4246 2862 4300 εἰκότος

598 4336 622 4372 z
669 4323 693 4384 11
747 4321 823 4371 10.
866 4317 1185 4388 θεοπρόπους
1210 4334 1318 4371 om.
1348 4336 1373 4369 ,τ
1420 4320 1442 4382 11
1495 4319 1576 4368 11.
1617 4315 2025 4387 ἐπερησομένους
2052 4318 2101 4371 L
2148 4319 2171 4382 11
2224 4318 2300 4368 13.
2345 4315 2400 4367 δὲ
2426 4333 2535 4368 om.
2566 4317 2793 4369 Oenom.

605 4391 681 4438 14.
725 4388 778 4439 αἴ
801 4387 846 4438 κ’
877 4388 1108 4439 Oenom.
1140 4386 1186 4437 εί
1207 4380 1251 4455 γ’
1279 4386 1500 4438 Bckker
1603 4388 1626 4451 11
1746 4389 1821 4438 17.
1862 4385 2144 4456 πηδασσέες
2176 4388 2225 4440 (Ῑ
2312 4388 2335 4451 11
2435 4386 2692 4443 οἰκοῦντες
2719 4388 2767 4439 I,
2862 4426 2865 4437 .

607 4461 684 4509 18.
727 4453 1078 4527 Αλικαρνασοῢ
1105 4474 1131 4507 z
1209 4458 1234 4520 11
1321 4458 1402 4508 19.
1443 4461 1749 4527 περιοικεῡσι
1779 4454 1827 4505 0
1891 4458 1913 4520 11
1992 4454 2145 4528 ἱερείη
2172 4457 2221 4509 L
2301 4459 2323 4521 11
2406 4455 2489 4505 20.
2531 4456 2697 4527 τρίσφι
2724 4458 2862 4504 τοῦτο

605 4527 652 4581 C'
691 4529 714 4593 11
761 4528 842 4576 24.
889 4524 1165 4595 πηδασσέες
1196 4526 1244 4578 C
1283 4526 1305 4589 11
1353 4526 1436 4577 25.
1479 4525 1757 4587 ἐπεξιόντες
1784 4524 2034 4577 Bekkert
2067 4524 2348 4587 ὑπεξιόντες
