3059 5125
1143 315 1543 377 -Β-
2358 314 2480 377 177

209 484 457 587 ἵδρυται
508 485 585 558 δὲ
633 488 682 585 ἡ
730 486 927 569 πόλις
977 487 1147 587 αὕτη
1188 496 1313 588 τῆς
1349 485 1689 586 Αἰγύπτου
1744 489 1813 562 έν
1866 489 2056 585 μέσῳ
2091 492 2192 586 τῷ
2215 487 2476 561 Δέλτα·

185 602 356 688 Ἶσις
410 608 486 680 δέ
538 605 679 680 ἐστι
731 607 899 679 κατὰ
933 610 1056 705 τὴν
1081 596 1450 707 ’Ἑλλήνων
1487 608 1799 706 γλῶσσαν
1840 607 2205 709 Δημήτηρ.
2295 612 2481 706 τρίτα

203 727 274 800 δὲ
326 725 399 808 ές
450 723 613 797 Σάιν
661 724 856 798 πόλιν
908 730 995 826 τῇ
1037 716 1386 827 Ἀθηναίῃ
1439 730 2005 828 πανηγυρίζουσι,
2071 727 2356 827 τέταρτα
2406 724 2483 799 δὲ

201 842 542 928 έςἹΙλίου
592 845 786 918 πόλιν
839 850 940 944 τῷ
971 833 1217 945 (Ηλίῳ,
1276 847 1552 944 πέμπτα
1601 845 1675 920 δὲ
1720 849 1791 930 ἐς
1826 846 2127 922 Βουτοῦν
2163 848 2358 921 πόλιν
2393 847 2480 946 τῇ

136 987 165 1034 5
200 965 435 1065 Λητοῖ,
494 963 650 1038 ἕκτα
699 963 776 1036 δὲ
826 966 898 1048 ἐς
951 964 1321 1067 Πάπρημιν
1373 967 1567 1042 πόλιν
1621 971 1722 1066 τῷ
1751 962 1974 1067 Ἀρεῖ.
2068 970 2140 1049 ές
2192 968 2315 1063 μέν
2365 994 2479 1040 νυν
2505 976 2589 1038 60

197 1083 585 1187 Βούβαστιν
617 1083 814 1157 πόλιν
854 1083 1055 1160 ἐπεὰν
1092 1088 1518 1181 κομίζωνται,
1568 1093 1833 1161 ποιεῦσι
1866 1088 2110 1162 τοιάδε.
2202 1088 2482 1161 πλέουσί

193 1232 264 1280 τε
299 1204 428 1306 γὰρ
468 1206 558 1304 δὴ
596 1202 739 1299 ἅμα
790 1204 1026 1306 ἄνδρες
1070 1207 1325 1305 γυναιξὶ
1375 1210 1483 1279 καὶ
1517 1206 1774 1280 πολλόν
1830 1234 1891 1280 τι
1941 1207 2211 1310 πλῆθος
2245 1209 2481 1281 ἑκατέ-

196 1353 328 1427 ρων
382 1325 457 1399 έν
508 1324 761 1424 ἑκάστῃ
816 1325 1005 1426 βάρι·
1086 1328 1155 1399 αἱ
1216 1328 1338 1421 μέν
1386 1352 1559 1409 τινες
1613 1335 1749 1399 τῶν
1807 1334 2135 1426 γυναικῶν
2191 1327 2484 1428 κρόταλα

193 1445 482 1545 ἔχουσαι
521 1444 1001 1545 κροταλίζουσι,
1061 1448 1122 1519 οἱ
1160 1443 1236 1520 δὲ
1273 1446 1596 1521 αὐλέουσι
1633 1448 1800 1521 κατὰ
1835 1449 2057 1521 πάντα
2091 1451 2205 1521 τὸν
2243 1448 2477 1530 πλόον,

109 1584 163 1632 ¹⁰
194 1570 260 1640 αἱ
295 1565 372 1639 δὲ
408 1565 648 1638 λοιπαὶ
683 1569 981 1662 γυναῖκες
1016 1570 1125 1640 καὶ
1162 1566 1402 1666 ἄνδρες
1436 1564 1732 1641 ἀείδουσι
1767 1571 1876 1641 καὶ
1908 1567 2028 1649 τὰς
2061 1572 2292 1666 χεῖρας
2325 1594 2483 1666 xpo-

190 1688 436 1760 τέουσι.
534 1684 738 1759 ἐπεὰν
775 1683 852 1757 δὲ
886 1684 1205 1768 πλέοντες
1241 1687 1410 1760 κατά
1446 1712 1592 1759 τινα
1638 1687 1835 1761 πόλιν
1882 1686 2100 1788 ἄλλην
2136 1689 2478 1785 γένωνται,

191 1806 692 1906 ἐγχρίμψαντες
726 1809 848 1904 τὴν
886 1805 1077 1908 βᾶριν
1112 1808 1199 1905 τῇ
1239 1808 1330 1906 γῇ
1367 1811 1633 1881 ποιεῦσι
1666 1806 1911 1880 τοιάδε.
2008 1808 2079 1879 αἱ
2135 1808 2259 1902 μέν
2310 1832 2486 1887 τινες

188 1933 322 1998 τῶν
361 1931 705 2024 γυναικῶν
742 1931 1003 2000 ποιεῦσι
1039 1926 1125 1999 τά
1159 1951 1285 2025 περ
1325 1927 1585 2025 εἴρηκα,
1641 1929 1710 1999 αί
1763 1924 1839 2000 δὲ
1874 1926 2257 2009 τωθάζουσι
2298 1928 2482 2030 βοῶ-

191 2073 300 2121 σαι
339 2045 472 2128 τὰς
510 2044 581 2118 έν
617 2048 704 2145 τῇ
739 2044 900 2118 πόλι
951 2048 1166 2144 ταύτῃ
1215 2048 1549 2143 γυναῖκας,
1606 2048 1674 2119 αί
1724 2045 1805 2120 δὲ
1858 2046 2229 2145 ὀρχέονται,
2289 2050 2358 2119 αἱ
2408 2045 2485 2119 δὲ

107 2185 159 2234 15
191 2164 651 2266 ἀνασύρονται
685 2162 1143 2260 ἀνιστάμεναι.
1233 2172 1443 2239 ταῦτα
1496 2165 1682 2264 παρὰ
1733 2169 1958 2241 πᾶσαν
2016 2165 2214 2239 πόλιν
2262 2191 2484 2266 παρα-

189 2287 542 2383 ποταμίην
592 2289 891 2358 ποιεῦσι·
965 2283 1167 2359 ἐπεὰν
1223 2285 1299 2358 δὲ
1351 2282 1721 2359 ἀπίκωνται
1779 2286 1850 2367 ἐς
1896 2289 2019 2385 τὴν
2071 2283 2479 2386 Βούβαστιν,

189 2405 555 2506 ὁρτάζουσι
613 2403 909 2502 μεγάλας
970 2402 1331 2502 ἀνάγοντες
1383 2404 1658 2488 θυσίας,
1722 2408 1832 2477 καὶ
1885 2404 2063 2488 οἶνος
2119 2403 2489 2500 ἀμπέλινος

190 2523 670 2621 ἀναισιμοῦται
702 2523 930 2597 πλέων
969 2523 1040 2597 έν
1075 2525 1160 2625 τῇ
1201 2524 1369 2626 ὁρτῇ
1404 2526 1617 2624 ταύτῃ
1656 2525 1703 2624 ἢ
1741 2525 1813 2599 ἐν
1850 2527 1951 2624 τῷ
1976 2525 2215 2601 ἅπαντι
2267 2525 2487 2600 ἐνιαυ-

190 2648 289 2744 τῷ
313 2648 424 2745 τῷ
453 2643 816 2741 ἐπιλοίπῳ.
908 2644 1388 2741 συμφοιτέουσι
1440 2645 1536 2727 δέ,
1592 2646 1633 2716 ὅ
1678 2670 1740 2718 τι
1787 2644 1957 2746 ἀνὴρ
1995 2649 2104 2719 καὶ
2140 2650 2309 2745 γυνή
2349 2645 2487 2720 ἐστι

99 2785 156 2835 2ο
186 2765 370 2866 πλὴν
406 2764 727 2847 παιδίων,
769 2765 879 2835 καὶ
913 2762 985 2845 ές
1020 2762 1487 2866 ἑβδομήκοντα
1526 2764 1868 2864 μυριάδας,
1911 2767 2008 2846 ὡς
2043 2768 2104 2838 οἱ
2140 2765 2491 2864 ἐπιχώριοι

190 2885 495 2984 λέγουσι.
590 2888 800 2957 ταῦτα
840 2881 1090 2984 μὲνδὴ
1126 2886 1340 2983 ταύτῃ
1388 2884 1707 2968 ποιέεται,
1763 2886 1833 2958 ἐν
1888 2884 1965 2957 δὲ
2002 2882 2282 2984 Βουσίρι
2330 2884 2584 2958 πόλι61

189 3008 286 3087 ὡς
357 3004 692 3102 ἀνάγουσι
759 3004 847 3102 τῇ
905 2989 1037 3077 Ἴσι
1111 3007 1235 3104 τὴν
1301 3005 1541 3104 ὁρτήν,
1622 3007 1884 3103 εἴρηται
1939 3006 2265 3105 πρότερόν
2334 3028 2483 3099 μοι·
2550 3048 2565 3063 ·

187 3125 559 3197 τύπτονται
613 3123 740 3221 γὰρ
797 3121 885 3221 δὴ
943 3123 1115 3217 μετὰ
1161 3127 1283 3224 τὴν
1338 3123 1586 3223 θυσίην
1641 3122 1889 3207 πάντες
1922 3128 2030 3197 καὶ
2063 3127 2297 3209 πᾶσαι,
2358 3150 2487 3220 μυ·-

513 3362 632 3435 nep}
653 3359 954 3431 Βουβάστου
979 3362 1179 3421 πόλεως
1202 3362 1290 3416 καὶ
1312 3367 1404 3415 τοῦ
1427 3367 1524 3431 τῆς
1549 3356 1847 3434 Ἀρτέμιδος
1873 3363 2007 3435 ἱεροῦ
2212 3361 2326 3434 περὶ
2352 3359 2491 3416 Βου-

403 3430 601 3505 σίριδος
625 3430 825 3490 πόλεως
847 3432 937 3484 καὶ
959 3436 1055 3502 τῆς
1069 3423 1254 3490 Ἴσιδος

408 3624 500 3675 12.
541 3619 736 3685 Λέξεις.
800 3651 863 3663 -
930 3624 1012 3674 17.
1059 3620 1384 3745 (Ηεεῖοὴίιιε
1421 3638 1471 3675 v.
1501 3619 1639 3680 οἶνος
1662 3620 1980 3691 ἀμπέλινος).
2048 3649 2109 3662 -
2175 3621 2257 3673 21.
2298 3620 2352 3675 ἐν
2378 3619 2435 3675 δὲ
2461 3651 2493 3663 -

295 3710 352 3764 p.
389 3695 454 3745 17
462 3694 517 3757 8,
546 3693 578 3743 2
602 3691 768 3764 λέγειν
793 3690 1179 3761 Athenagoras
1224 3697 1365 3761 egat.
1396 3692 1463 3743 25

303 3868 352 3919 1.
386 3870 494 3934 τῆς
520 3881 626 3917 om.
658 3866 716 3918 R
755 3867 780 3931 ΙΙ
819 3864 876 3918 ἄν
900 3862 1044 3936 μέσῳ
1066 3869 1163 3935 τῆς
1188 3861 1448 3936 Αἰγύπτου
1474 3863 1663 3934 steph.
1706 3866 1728 3929 ΙΙ
1767 3869 1860 3918 τοῦ
1887 3861 2052 3918 Δέλτα
2075 3883 2117 3925 z,
2150 3863 2204 3915 ἐν
2228 3865 2293 3915 τ’
2327 3860 2494 3917 Δέλτα
2521 3867 2524 3870 ’

196 3935 234 3990 S
330 3934 390 3988 h.
435 3938 462 4000 ΙΙ
501 3935 549 3986 2.
579 3928 622 3986 δ’
646 3934 754 3988 ἐστὶ
774 3933 907 3989 κατὰ
928 3934 1024 4003 τὴν
1047 3935 1150 3987 τῶν
1176 3933 1363 4005 steph.
1406 3937 1428 4000 ΙΙ
1463 3933 1500 4002 ἡ
1523 3930 1777 4005 Δημήτηρ
1803 3933 1991 4004 steph.
2033 3937 2055 3999 ΙΙ
2093 3936 2141 3984 3.
2172 3932 2229 3985 δὲ
2250 3883 2369 3985 ἓώ
2399 3926 2442 3983 δ’
2475 3934 2494 4000 ΙΙ

195 4006 246 4057 4.
325 4002 605 4057 λιούπολιν
632 4004 754 4057 Rdz
798 4005 822 4069 ΙΙ
867 4001 1014 4056 πόλει
1042 4003 1105 4058 0¹
1164 4005 1188 4069 ΙΙ
1249 4006 1297 4055 5.
1337 4004 1646 4075 πάμπρημιν
1677 4002 1738 4068 0,
1767 4020 1962 4074 πρημιν
1987 4003 2075 4067 Pe,
2103 4009 2299 4124 πρῆμιν
2326 4002 2422 4054 Ra
2477 4002 2495 4067 μ

197 4073 232 4126 ά
298 4077 324 4126 ’ί
345 4074 508 4138 AB‘,
535 4071 648 4143 ἅρει
673 4074 799 4137 Bm,
827 4071 929 4144 άρη
960 4071 1010 4126 0
1070 4075 1093 4137 ΙΙ
1161 4072 1211 4123 6.
1253 4071 1533 4143 βούβαστον
1557 4073 1727 4127 ABG
1787 4074 1811 4137 n
1878 4071 2043 4137 πόλιν]
2075 4071 2141 4123 πό
2176 4089 2220 4123 ει
2250 4068 2334 4135 0¹,
2380 4086 2487 4122 om,

197 4091 322 4197 ffir-
370 4146 395 4208 fl
441 4140 672 4196 aasz&
718 4146 742 4209 ΙΙ
788 4144 837 4193 8.
879 4141 1022 4275 βάρει
1054 4142 1103 4196 0
1150 4144 1172 4207 ΙΙ
1237 4142 1317 4193 11.
1357 4140 1602 4213 γένωνται
1625 4140 1789 4212 ἄλλην
1822 4141 1871 4195 0
1907 4143 1931 4207 ΙΙ
1994 4140 2073 4192 12.
2114 4139 2411 4225 ἐηχρίψαντςς
2438 4140 2492 4223 ‘¹3

199 4211 878 4350 mle-ffiossdpdl
902 4211 1261 4353 uffa-2452:
1290 4209 1471 4345 ῗΙάριῙνὸ.
1490 4209 1743 4333 'litigat
1766 4208 2276 4345 ᾹΙΒῖιξτοιῖἒύξῖνκΟΞΙ
2301 4206 2495 4347 ”bbsogff

202 4349 389 4419 βασι-ον
415 4350 591 4404 ABG
625 4351 654 4413 11
704 4350 783 4401 Π.
824 4348 1118 4420 ἑορτάζουσι
1140 4350 1250 4403 ΑΒ
1289 4350 1312 4414 ΙΙ
1359 4350 1439 4403 18.
1480 4348 1862 4416 ἀναισιμοῦνται
1893 4348 2013 4417 spr.
2054 4349 2077 4411 ΙΙ
2113 4346 2267 4399 πλέον
2299 4346 2427 4399 0Ζὼ
2471 4348 2494 4410 ΙΙ

205 4419 354 4489 ὀρτῆι
382 4419 436 4473 0
477 4420 504 4483 ΙΙ
555 4419 635 4469 19.
675 4418 752 4486 τῷ
772 4435 877 4471 om.
912 4417 962 4473 C'
993 4422 1017 4484 ΙΙ
1058 4425 1372 4491 συμφοιτῶσι
1396 4419 1621 4485 ΑΒΕά,
1649 4417 1993 4489 συμφοιτέωσι
2025 4416 2142 4469 CR:
2182 4419 2205 4480 11
2246 4416 2330 4467 21.
2405 4433 2496 4467 ου-

205 4491 327 4559 σίρει
358 4487 511 4540 πόλει
543 4487 591 4539 0
653 4487 679 4551 ΙΙ
745 4487 825 4541 22,
866 4486 1021 4559 ὁρτὴν
1052 4488 1110 4553 0,
1140 4486 1325 4559 ἑορτὴν
1348 4486 1552 4543 Athen.
1639 4489 1663 4551 ΙΙ
1743 4488 1826 4538 23.
1867 4485 1982 4557 γὰρ]
2011 4484 2106 4553 μὲν
2130 4485 2224 4554 γὰρ
2248 4485 2356 4538 ΑΒ
2514 4522 2517 4525 «

311 4589 588 4630 Herodotus.
2020 4590 2079 4636 12
