3059 5125
566 317 693 380 472

566 487 842 558 iunctim
885 487 1197 572 leguntur
1215 533 1235 565 ,
1284 509 1362 552 ea
1404 487 1751 552 manifesto
1795 486 2246 551 distribuentis
2275 505 2487 551 errore
2528 487 2608 550 in
2627 486 2867 550 —altero

565 599 641 666 in
682 599 840 663 bina
881 609 996 663 aut
1040 610 1225 664 terna
1268 617 1566 683 quaeque
1607 600 1899 664 membra
1925 600 2247 683 discerpta
2289 610 2445 664 sunt
2489 599 2644 682 (vid.
2683 593 2866 663 ἐδό-

569 716 782 778 λοισιν.
835 711 1043 797 ζυγαῖς
1060 760 1082 790 ,
1133 706 1326 799 Kampoi.
1373 711 1594 778 ταινία.
1660 706 1823 798 ζώνη
1843 759 1861 789 ,
1909 707 1983 777 οὗ
2027 709 2555 798 καταπροΐξεσθαι.
2606 707 2864 796 ἀτιμω-

570 823 701 910 ρητί
717 874 737 904 ,
770 823 1003 910 πηκτίς.
1069 818 1302 908 αὐλός).
1353 825 1529 909 quod
1572 824 1836 908 quidem
1880 846 1956 889 eo
2001 823 2273 888 arbitror
2316 823 2629 888 accidisse
2672 824 2863 908 quod

564 936 621 1000 is
635 983 656 1014 ,
707 935 820 1019 qui
876 936 994 1000 has
1047 936 1233 1010 λέξεις
1286 936 1359 1001 in
1403 936 1697 1001 ordinem
1753 936 2234 1021 alphabeticum
2275 936 2524 1020 primus
2567 958 2858 1021 compo-

568 1049 732 1127 suit,
792 1070 929 1112 non
984 1069 1102 1112 suo
1156 1048 1269 1113 ille
1323 1048 1589 1132 quidem
1643 1048 1914 1132 ingenio
1968 1048 2266 1113 inventas
2322 1067 2548 1124 verum
2606 1069 2691 1112 ex
2741 1048 2862 1112 tali

566 1159 971 1238 collectione,
1019 1159 1229 1244 qualis
1257 1160 1453 1226 hodie
1480 1160 1555 1224 iu
1586 1160 1987 1225 Coisliniano
2018 1170 2261 1238 exstat,
2310 1169 2606 1246 sumptas
2631 1180 2858 1236 nova-

571 1294 698 1356 que
741 1270 1003 1336 indutas
1048 1272 1256 1337 forma
1270 1322 1289 1350 ,
1338 1272 1537 1338 lexici
1581 1272 1863 1358 speciem
1905 1273 2208 1358 procudit
2222 1321 2244 1351 ,
2303 1270 2481 1336 haud
2523 1271 2620 1336 ita
2660 1272 2858 1336 mul-

567 1394 709 1452 tum
738 1383 1039 1449 videlicet
1067 1384 1453 1469 impendens
1480 1407 1716 1470 operae
1751 1383 2259 1469 diligentiaeque
2289 1384 2551 1469 negotio
2583 1385 2856 1450 tumul—

567 1495 777 1562 tuario
792 1547 814 1575 ,
864 1496 1024 1561 adeo
1069 1507 1145 1561 ut
1185 1497 1256 1561 id
1298 1497 1519 1582 ipsum
1561 1498 1736 1582 quod
1776 1497 2061 1590 novabat
2103 1517 2178 1560 ac
2221 1497 2303 1572 de
2329 1515 2449 1561 suo
2479 1496 2848 1578 adferebat,

564 1619 639 1673 ut
683 1610 913 1674 seriem
955 1610 1418 1676 vocabulorum
1474 1610 1560 1674 ad
1615 1609 1908 1674 ordinem
1953 1608 2421 1684 elementorum
2461 1609 2845 1687 deduceret,

565 1720 887 1816 flagitiosa
929 1720 1163 1786 inertia
1205 1703 1771 1786 administrarerit.
1866 1744 1942 1785 ac
1997 1720 2275 1785 similem
2317 1739 2596 1805 prorsus·
2624 1721 2847 1785 fortu-

563 1853 717 1896 nam
763 1843 1027 1917 experta
1080 1844 1183 1899 est
1235 1833 1392 1898 olim
1447 1833 1744 1900 Erotiani
1800 1831 1935 1899 Τῶν
1988 1829 2134 1920 παρ’
2186 1827 2571 1919 Ἱπποκράτει
2625 1834 2844 1905 λέξεων

565 1941 925 2030 συναγωγή,
975 1967 1141 2030 quae
1183 1967 1366 2010 nunc
1406 1945 1673 2030 quidem
1703 1945 1996 2010 ordinem
2040 1945 2370 2030 alphabeti
2396 1945 2680 2030 praefert
2707 1967 2846 2010 non

565 2056 871 2131 subtilius
900 2058 1279 2122 institutum,
1305 2079 1503 2142 quam
1530 2057 1604 2121 in
1633 2058 1757 2122 hac
1785 2057 2157 2122 Herodotea
2171 2107 2192 2134 ‚
2241 2079 2391 2121 cum
2419 2057 2561 2141 ipae
2588 2068 2842 2134 auctor,

561 2170 632 2233 id
675 2170 851 2254 quod
892 2180 1041 2255 post
1081 2169 1445 2234 Adrianum
1486 2170 1853 2253 Heringam
1896 2183 2108 2254 nuper
2159 2169 2522 2246 luculenter
2565 2170 2844 2234 demon-

562 2281 788 2346 stravit
828 2281 1146 2366 Iosephus
1189 2281 1392 2347 Klein
1449 2282 1755 2366 (Erotian.
1804 2280 2074 2366 praefat.
2123 2304 2190 2366 p.
2225 2281 2398 2346 XIII
2427 2282 2591 2366 sqq.)
2615 2320 2638 2360 ,
2675 2278 2692 2302 ‘
2707 2303 2844 2347 neu

560 2393 919 2458 litterarum
992 2394 1107 2458 sed
1170 2393 1483 2460 librorum
1549 2393 2160 2479 Hippocraticgomm
2218 2393 2510 2460 ordinem
2576 2407 2842 2459 secutus

560 2527 748 2572 voces
792 2505 1308 2590 uniuscuiusque
1349 2505 1502 2571 libri
1547 2505 1868 2591 explicare
1924 2506 2245 2571 studuerit
2296 2525 2373 2571 eo
2429 2505 2660 2570 ordine
2709 2527 2842 2590 que

560 2617 632 2683 in
676 2617 1075 2704 Hippocrate
1132 2640 1271 2684 sese
1325 2618 1611 2683 invicem
1653 2614 2097 2703 excipiebant-³
2197 2630 2262 2683 et
2317 2630 2671 2704 supersunt
2714 2619 2840 2684 ad-

560 2731 690 2794 huc
734 2730 877 2795 eius
920 2731 1132 2815 operis
1176 2731 1353 2816 quod
1396 2730 1688 2795 condidit
1715 2730 2067 2796 Erotianus
2109 2752 2227 2815 per
2267 2730 2522 2806 codices
2561 2731 2840 2817 Hippo-

561 2853 803 2907 crateos
848 2843 1174 2928 dispersae
1219 2842 1468 2926 aliquot
1495 2842 1850 2927 particulae
1895 2843 1977 2907 ab
2023 2843 2251 2909 eodem
2283 2842 2554 2916 Kleinio
2597 2843 2836 2917 soller-

560 2966 656 3018 ter
699 2954 1089 3040 compositae
1132 2976 1197 3039 p.
1259 2963 1401 3018 1-
1429 2960 1534 3019 25.
1582 2954 1698 3039 qui
1738 2953 1914 3019 idem
1955 2976 2024 3039 p.
2070 2954 2271 3019 XVII
2328 2955 2487 3025 scite
2531 2966 2600 3019 et
2639 2955 2838 3020 huius

556 3067 917 3131 Herodotei
973 3066 1270 3150 glossarii
1323 3066 1603 3135 similem
1658 3065 2292 3132 transformationem
2345 3068 2733 3143 memoravit
2772 3080 2839 3133 et

559 3179 884 3264 Oppianei
900 3227 921 3256 ,
968 3178 1143 3262 quod
1188 3178 1449 3263 quidem
1495 3200 1647 3243 cum
1690 3180 1888 3243 Ianus
1923 3179 2314 3263 Rutgersius
2356 3178 2502 3243 lect.
2541 3201 2674 3244 var.
2712 3180 2830 3258 VI,

561 3299 596 3353 5
641 3312 709 3374 p.
748 3296 870 3354 552
904 3286 919 3310 ‘
938 3313 974 3355 e
1002 3300 1257 3356 vetusto
1289 3287 1517 3355 codice’
1556 3290 1839 3375 primum
1869 3291 2178 3356 edidisset
2207 3291 2566 3355 secundum
2595 3291 2834 3377 alpha-

557 3403 692 3467 beti
738 3402 1030 3467 ordinem
1072 3403 1374 3467 adcurate
1418 3402 1745 3487 digestum
1790 3412 1856 3466 et
1885 3403 2248 3467 Fridericus
2279 3402 2624 3471 Strunzius
2652 3404 2832 3468 Wit-

559 3514 1028 3599 tembergensis
1074 3515 1157 3578 ad
1200 3513 1487 3599 Oppiani
1515 3513 1892 3579 Halieutica
1919 3516 2240 3599 pertinere
2267 3515 2619 3594 docuisset,
2667 3517 2832 3582 Der-

559 3625 778 3691 villius
823 3626 893 3690 in
938 3624 1214 3690 Miscell.
1266 3625 1513 3690 observ.
1568 3625 1694 3689 vol.
1747 3626 1882 3705 IX,
1939 3634 1964 3689 1
2028 3649 2096 3711 p.
2154 3634 2270 3689 100
2317 3627 2604 3693 codicem
2647 3629 2830 3693 illum

561 3759 699 3803 esse
757 3737 1429 3803 Amstelodamensem
1486 3738 1956 3803 demonstravit
2005 3739 2486 3823 pristinumque
2539 3740 2626 3804 ad
2680 3763 2826 3804 ver-

558 3871 751 3915 suum
795 3850 1289 3915 continuitatem
1335 3848 1629 3915 ordinem
1681 3850 1755 3913 in
1799 3872 1875 3915 eo
1919 3849 2195 3915 fideliter
2237 3853 2478 3917 servari
2488 3899 2511 3929 ,
2570 3873 2610 3915 a
2651 3852 2828 3916 Rut—

556 3961 768 4047 gersio
813 3972 1031 4027 autem
1076 3962 1375 4047 cupidius
1420 3960 1745 4046 tacitoque
1785 3962 1860 4026 in
1889 3983 2125 4028 novam
2170 3982 2307 4029 esse
2351 3962 2636 4047 speciem
2677 3986 2825 4029 mu·-

555 4084 780 4139 tatum.
1236 4133 1241 4137 ,

732 4187 927 4256 Quod
971 4187 1025 4250 si
1071 4196 1136 4250 et
1164 4190 1229 4251 A
1261 4185 1497 4253 referre
1528 4187 1965 4271 antiquiorem
2007 4185 2200 4250 lexici
2244 4185 2519 4251 formam
2561 4188 2827 4272 planum

557 4310 690 4378 est,
753 4310 817 4365 et
872 4321 948 4365 ea
1004 4321 1072 4363 re
1132 4299 1299 4363 illud
1360 4300 1671 4364 continuo
1731 4297 2007 4362 efficitur
2050 4307 2127 4361 ut
2170 4297 2250 4361 ab
2303 4299 2496 4363 initio
2539 4299 2827 4384 singulas

558 4413 903 4501 separatim
967 4411 1531 4501 interpretationes
1610 4420 1940 4494 tamquam
2009 4409 2260 4491 scholia
2321 4432 2442 4479 suo
2493 4432 2828 4497 *quamque
