3059 5125
801 196 926 260 392
1752 192 2142 257 —A-

802 365 882 441 ἂν
919 357 1280 466 ἀποκτείνῃ
1318 365 1653 468 βασιλεύς,
1688 368 1942 438 τούτων
1978 364 2138 438 οὐδὲ
2169 368 2327 448 τοὺς
2358 366 2605 446 παῖδας
2635 364 2866 447 λείπει,
2898 361 3055 436 ἀλλὰ

800 487 1017 562 πάντα
1053 484 1134 558 τὰ
1169 484 1411 586 ἔρσενα
1449 490 1707 569 κτείνει,
1747 482 1830 558 τὰ
1865 483 1940 557 δὲ
1973 485 2200 584 θήλεα
2236 485 2355 557 οὐκ
2391 483 2661 559 ἀδικέει.

694 621 779 682 70
940 602 1182 706 Ὅρκια
1218 601 1292 676 δὲ
1325 610 1671 679 ποιεῦνται
1707 603 1965 678 Σκύθαι
2002 602 2139 678 ὧδε
2171 606 2342 705 πρὸς
2376 604 2536 685 τοὺς
2571 601 2652 678 ἂν
2688 605 3051 678 ποιέωνται.

798 728 874 809 ἐς
910 725 1145 799 κύλικα
1183 724 1491 824 μεγάλην
1545 729 1908 824 κεραμίνην
1962 723 2141 798 οἶνον
2195 724 2552 822 ἐγχέαντες
2601 721 2775 819 αἷμα
2826 728 3053 819 συμμί-

802 871 1037 946 σγουσι
1078 852 1211 918 τῶν
1249 848 1323 918 τὸ
1361 845 1584 945 ὅρκιον
1623 845 2081 940 ταμνομένων,
2124 845 2448 942 τύψαντες
2482 843 2726 919 ὑπέατι
2759 844 2806 942 ἢ
2840 845 3053 918 ἐπιτα-

802 970 1041 1063 μόντες
1078 969 1383 1065 μαχαίρῃ
1424 968 1704 1063 σμικρὸν
1742 969 1859 1037 τοῦ
1896 968 2214 1059 σώματος
2261 965 2372 1036 καὶ
2407 962 2643 1038 ἔπειτα
2679 961 3054 1065 ἀποβάψαν-

800 1112 909 1167 τες
969 1084 1041 1166 ἐς
1100 1089 1223 1184 τὴν
1287 1084 1523 1157 κύλικα
1585 1080 1905 1185 ἀκινάκην
1961 1087 2071 1158 καὶ
2131 1083 2394 1164 ὀιστοὺς
2456 1087 2568 1156 καὶ
2630 1084 2905 1183 σάγαριν
2960 1086 3057 1156 καὶ

802 1203 1146 1278 ἀκόντιον·
1216 1201 1418 1277 ἐπεὰν
1463 1200 1539 1276 δὲ
1588 1209 1797 1279 ταῦτα
1843 1210 2182 1306 ποιήσωσι
2219 1205 2656 1302 κατεύχονται
2695 1203 2913 1279 πολλὰ
2959 1205 3057 1274 καὶ

802 1322 1034 1397 ἔπειτα
1083 1319 1479 1397 ἀποπίνουσι
1533 1322 1724 1398 αὐτοί
1770 1350 1843 1398 τε
1893 1325 1957 1397 οἱ
1989 1326 2068 1397 τὸ
2105 1324 2324 1424 ὅρκιον
2364 1326 2752 1419 ποιεύμενοι
2803 1327 2908 1397 καὶ
2936 1329 3054 1394 τῶν

804 1441 1154 1538 ἑπομένων
1195 1442 1258 1516 οἰ
1291 1442 1611 1517 πλείστου
1646 1440 1834 1523 ἄξιοι.

695 1569 765 1629 71
955 1559 1178 1660 Ταφαὶ
1231 1558 1305 1634 δὲ
1351 1567 1485 1632 τῶν
1541 1560 1874 1662 βασιλέων
1925 1562 1995 1639 έν
2034 1562 2342 1664 Γέρροισί
2392 1565 2518 1638 εἰσι
2570 1563 2670 1661 [ἐς
2705 1566 2743 1635 ὃ
2784 1566 2820 1636 ὁ
2853 1561 3052 1662 Βορυ-

804 1681 1055 1781 σθένης
1107 1680 1247 1755 ἐστὶ
1296 1679 1808 1781 προσπλωτός]·
1865 1681 2181 1768 ἐνθαῦτα,
2239 1683 2443 1757 ἐπεάν
2497 1710 2618 1782 σφι
2667 1681 2972 1782 ἀποθάνῃ
3022 1683 3054 1754 ὁ

805 1801 1137 1904 βασιλεύς,
1194 1799 1454 1900 ὄρυγμα
1501 1807 1630 1900 γῆς
1679 1799 1855 1897 μέγα
1908 1800 2267 1901 ὀρύσσουσι
2314 1802 2755 1903 τετράγωνον,
2814 1800 3052 1897 ἕτοιμον

803 1923 878 1996 δὲ
914 1926 1110 1997 τοῦτο
1144 1903 1555 2020 ποιήσαντες
1590 1917 2138 2023 ἀναλαμβάνουσι
2173 1924 2287 1994 τὸν
2318 1926 2568 2022 νεκρόν,
2606 1949 3052 2024 κατακεκηρω-

806 2043 1006 2138 μένον
1047 2041 1168 2136 μὲν
1206 2044 1281 2113 τὸ
1320 2045 1545 2136 σῶμα,
1595 2043 1717 2141 τὴν
1755 2038 1833 2114 δὲ
1869 2041 2077 2141 νηδὺν
2114 2040 2637 2142 ἀνασχισθεῖσαν
2675 2046 2789 2116 καὶ
2825 2042 3051 2141 καθαρ-

802 2163 1061 2244 θεῖσαν,
1103 2159 1321 2260 πλέην
1360 2160 1651 2260 κυπέρου
1685 2161 2097 2257 κεκομμένου
2140 2164 2250 2234 καὶ
2284 2160 2719 2262 θυμιήματος
2752 2166 2864 2236 καὶ
2894 2162 3050 2236 σελί-

802 2308 919 2353 νου
985 2279 1367 2380 σπέρματος
1433 2283 1540 2353 καὶ
1608 2278 1931 2380 ἀννήσου,
2008 2279 2561 2381 συνερραμμένην
2637 2280 2891 2364 ὀπίσω,
2959 2284 3051 2354 καὶ

805 2402 1151 2496 κομίζουσι
1186 2399 1257 2473 έν
1295 2398 1520 2500 ἁμάξῃ
1562 2400 1631 2482 ἐς
1668 2399 1837 2473 ἄλλο
1887 2398 2103 2482 ἔθνος.
2196 2398 2263 2472 οἳ
2310 2398 2389 2473 δὲ
2444 2396 2523 2472 ἂν
2574 2401 3051 2499 παραδέξωνται

806 2517 1213 2617 κομισθέντα
1249 2521 1360 2592 τὸν
1399 2522 1656 2621 νεκρόν,
1710 2524 1974 2595 ποιεῦσι
2021 2519 2107 2593 τά
2138 2545 2266 2620 περ
2304 2523 2367 2594 οἱ
2404 2519 2753 2623 βασιλήιοι
2787 2520 3046 2596 Σκύθαι·

803 2647 921 2714 τοῦ
978 2642 1153 2720 ὠτὸς
1210 2636 1746 2734 ἀποτάμνονται,
1828 2644 2062 2741 τρίχας
2124 2644 2607 2741 περικείρονται
2625 2700 2640 2724 ,
2717 2642 3050 2744 βραχίονας

803 2759 1360 2860 περιτάμνονται,
1421 2758 1731 2853 μέτωπον
1789 2762 1898 2834 καὶ
1950 2761 2096 2859 ῥῖνα
2145 2762 2723 2856 καταμύσσονται,
2792 2761 2898 2835 διὰ
2947 2768 3049 2860 τῆς

805 2878 1163 2980 ἀριστερῆς
1214 2880 1440 2976 χειρὸς
1497 2875 1762 2959 ὀιστοὺς
1810 2879 2290 2982 διαβυνέονται.
2393 2879 2704 2953 ἐνθεῦτεν
2754 2880 2831 2955 δὲ
2883 2884 3046 2974 κομί-

806 3001 992 3081 ζουσι
1031 2998 1099 3071 ἐν
1137 2999 1221 3097 τῇ
1261 2994 1485 3094 ἁμάξῃ
1523 3002 1643 3068 τοῦ
1682 2997 1997 3099 βασιλέος
2029 3000 2140 3071 τὸν
2178 3000 2364 3072 νέκυν
2397 3000 2469 3081 ές
2505 2998 2677 3073 ἄλλο
2715 3001 2909 3083 ἔθνος
2937 3005 3047 3072 τῶν

804 3118 1125 3218 ἄρχουσι·
1184 3117 1248 3187 οἱ
1284 3115 1362 3189 δέ
1398 3142 1516 3213 σιρι
1555 3115 1829 3191 ἕπονται
1866 3117 1936 3200 ές
1982 3120 2140 3200 τοὺς
2180 3122 2509 3219 πρότερον
2550 3119 2791 3220 ἦλθον.
2874 3117 3046 3194 ἐπεὰν

1009 3427 1056 3478 4.
1096 3421 1296 3478 Pollux
1319 3423 1373 3478 X
1402 3424 1500 3475 190

911 3599 954 3648 1.
995 3594 1284 3650 ἀποκτείνοι
1319 3614 1345 3649 2·
1425 3597 1447 3661 11
1528 3593 1750 3649 τουτέων
1787 3613 1813 3647 z
1892 3597 1915 3660 11
1998 3598 2045 3651 3.
2088 3594 2345 3649 ποιέονται
2372 3598 2427 3651 Β
2510 3600 2533 3662 11
2614 3601 2663 3651 4.
2706 3599 2961 3671 ἐκχέαντες
2983 3599 3041 3661 Β,

801 3667 827 3720 ἐ
898 3666 1068 3724 έαντες
1096 3666 1151 3718 R
1210 3668 1231 3731 11
1291 3668 1337 3717 5.
1377 3664 1442 3717 τὰ
1468 3664 1616 3736 ὅρκια
1642 3665 1776 3719 PRz
1832 3666 1855 3730 11
1912 3664 2091 3717 ὑπέατι
2109 3663 2147 3732 ἢ
2175 3664 2434 3746 Lpbeck:
2461 3666 2641 3720 υπέατι
2665 3687 2723 3739 ηι
2746 3672 2869 3733 ΑΒ,
2896 3668 3044 3721 ὑπέατι

800 3684 1015 3804 ‘HG-5³12&
1046 3734 1258 3805 ὑπεατίη
1286 3736 1337 3799 d,
1380 3733 1611 3804 ἑπὲατίηι
1644 3735 1699 3788 C'.
1729 3733 1903 3787 ὀπέατι
1926 3732 1961 3803 ἢ
1989 3731 2057 3788 Is.
2083 3734 2310 3792 Vossms
2357 3733 2380 3801 11
2427 3734 2791 3805 ἐπιτάμνοντες
2810 3738 2990 3793 ABCd
3021 3737 3040 3799 Ι

804 3805 1076 3892 6.,μικρὸν
1099 3806 1251 3858 ABd
1305 3805 1327 3868 11
1386 3806 1433 3856 7.
1477 3804 1530 3862 ἐς
1558 3820 1663 3856 om.
1693 3805 1830 3873 Bpr.
1893 3804 1917 3901 11
1974 3801 2268 3856 ἀκινάκεαε
2316 3806 2338 3869 11
2387 3804 2547 3876 σάγγα
2580 3823 2623 3856 ιν
2652 3806 2706 3858 R
2754 3809 2777 3873 11
2830 3811 2875 3859 8.
2912 3824 3044 3891 κατα-

800 3891 1045 4013 ἔὲἔὲἶὶῖέ
1065 3874 1115 4006 (ἦ,
1168 3875 1248 3994 1¹¹3.
1278 3872 1559 4011 ἕτζὲξοῗὶλν
1598 3892 1669 3994 ῗὶἔ
1695 3890 1733 4006 ’ἶι
1778 3870 2410 4010 '24¹32‘235322‘2‘202ffi03
2424 3876 2521 4008 αἳ
2575 3876 3044 4018 ιέ.1ἕα“ἇίἷῖῗέἒέ3

808 4013 858 4066 0
905 4015 928 4076 11
993 4013 1072 4063 16.
1114 4012 1398 4081 κεκομένου
1426 4012 1481 4064 R
1538 4012 1561 4076 11
1622 4009 1879 4080 μιήματος
1903 4011 1977 4063 Αι
2033 4013 2056 4077 11
2127 3960 2205 4062 1¹5.
2246 4010 2533 4082 σπέρματος
2560 4030 2669 4066 om.
2700 4015 2757 4067 R
2809 4018 2830 4080 11
2878 4013 3041 4081 ἀνήσω

802 4098 830 4133 z
876 4083 898 4145 11
945 4080 1327 4152 συνεραμμένην
1352 4084 1420 4147 Α,
1450 4078 1867 4151 συρρεραμμένην
1890 4080 1965 4146 Β,
1994 4078 2372 4153 συῤῥεραμένην
2403 4079 2453 4133 0
2503 4083 2525 4145 11
2582 4081 2676 4135 καὶ
2698 4101 2805 4137 om.
2831 4081 3037 4140 Amas,

803 4177 892 4271 καὶ
920 4217 1006 4284 Pt,
1039 4240 1073 4270 :·
1102 4219 1196 4272 Pm
1254 4221 1276 4283 ΙΙ
1340 4220 1417 4270 18.
1460 4217 1633 4288 ἀμάξῃ
1661 4218 1718 4271 R
1774 4220 1797 4283 Ι
1857 4210 1900 4270 δ’
1931 4219 1980 4273 0
2002 4216 2058 4281 (P)
2123 4220 2146 4282 11
2220 4220 2305 4271 20.
2342 4217 2521 4301 τρίχας
2547 4249 2577 4259 -
2602 4222 2664 4272 21
2694 4221 3039 4292 περιτάμνονται

807 4304 914 4340 om.
943 4288 1143 4375 Apcd
1185 4289 1207 4352 11
1256 4289 1338 4339 21.
1377 4293 1552 4357 τῆςτε
1578 4288 1713 4341 PRz
1758 4289 1781 4352 11
1829 4288 1913 4339 22.
1950 4287 2154 4412 χεὶέἶξε
2199 4288 2222 4353 11
2271 4289 2356 4340 23.
2394 4305 2601 4370 τῃριτι.
2636 4290 2756 4377 (ΞΗ.
2801 4294 2823 4356 fl
2865 4290 2912 4347 ἐς
2932 4287 3037 4342 ἄλλο

808 4354 955 4414 ἔθνος
978 4374 1064 4411 τον
1087 4356 1237 4410 νέκυν
1259 4361 1351 4411 τοῦ
1376 4356 1611 4428 βασιλέος
1635 4356 1730 4423 1²2,
1759 4355 1813 4415 ἐς
1836 4355 1966 4414 ἄλλο
2112 4375 2138 4416 ς
2161 4355 2249 4412 τὸν
2272 4356 2422 4413 νέκυν
2447 4374 2566 4413 stne
2588 4376 2685 4412 του
2709 4358 2925 4434 βασιλέος
2949 4358 2989 4413 G
