3059 5125
860 203 983 265 248
1802 238 1883 247 —
1975 203 2201 265 B-

733 386 840 447 171
867 379 935 449 ἐν
973 375 1050 448 δὲ
1088 379 1173 475 τῇ
1212 376 1413 476 λίμνῃ
1455 380 1668 474 ταύτῃ
1707 377 1790 449 τὰ
1826 376 2108 474 δείκηλα
2156 384 2287 448 τῶν
2338 378 2614 452 παθέων
2671 380 2879 451 αὐτοῦ
2914 384 3059 451 νυκτὶ

858 504 1142 578 ποιεῦσι,
1185 495 1269 568 τὰ
1306 494 1618 569 καλέουσι
1654 500 1991 596 μυστήρια
2031 492 2395 596 Αἰγύπτιοι.
2479 502 2635 597 περὶ
2671 498 2796 592 μέν
2831 525 2944 570 νυν
2979 525 3059 571 τοι

861 644 995 689 των
1047 617 1248 689 εἰδότι
1307 642 1418 709 μοι
1470 616 1581 690 ἐπὶ
1634 616 1840 690 πλέον
1897 622 1994 699 ὡς
2050 616 2299 691 ἕκαστα
2349 617 2568 694 αὐτῶν
2619 618 2787 716 ἔχει,
2849 619 3059 711 εὔστομ

863 737 1132 812 κείσθω.
1226 738 1333 807 καὶ
1385 745 1510 836 τῆς
1546 736 1916 838 Δήμητρος
1965 739 2242 838 τελετῆς
2294 738 2466 837 πέρι,
2528 741 2649 837 τὴν
2706 742 2770 810 οἰ
2803 732 3059 836 ειἘλλην

861 858 1286 955 θεσμοφόρια
1325 855 1662 941 καλέουσι,
1726 862 1834 932 καὶ
1870 860 2122 955 ταύτης
2163 884 2273 951 μοι
2322 857 2475 955 πέρι
2525 840 2832 952 εὔστομα
2871 856 3059 930 utica«

860 977 1041 1075 πλὴν
1100 976 1255 1049 ὅσον
1310 974 1522 1076 αὐτῆς
1574 978 1725 1077 ὁσίη
1788 977 1929 1051 ἐστὶ
1983 976 2218 1075 λέγειν.
2342 978 2410 1048 αἱ
2461 973 2730 1049 Δαναοῦ
2782 977 3059 1074 θυγατέρ

861 1094 1039 1196 ἦσαν
1092 1098 1159 1167 αἱ
1213 1098 1334 1193 τὴν
1389 1096 1663 1195 τελετὴν
1722 1101 1972 1195 ταύτην
2025 1098 2093 1178 ἐξ
2148 1093 2486 1193 Αἰγύπτου
2540 1096 2987 1194 ἐξαγαγοῦσαι
3025 1122 3059 1165 ιι

863 1216 1211 1297 διδάξασαι
1260 1214 1381 1297 τὰς
1421 1214 1971 1314 Πελασγιώτιδας
2017 1220 2367 1314 γυναῖκας·
2425 1215 2594 1311 μετὰ
2649 1216 2726 1290 δὲ
2777 1216 3059 1298 ἐξαναστι

863 1364 995 1434 σης
1038 1336 1317 1434 [πάσης]
1363 1334 1886 1434 Πελοποννήσου
1926 1339 2053 1409 ὑπὸ
2089 1334 2406 1435 Δωριέων
2443 1337 2832 1418 ἐξαπώλετο
2871 1340 2919 1434 ἡ
2950 1338 3059 1408 ’τελε

862 1462 969 1554 τή,
1013 1458 1075 1528 οἱ
1113 1454 1189 1527 δέ
1227 1454 1746 1553 ὑπολειφθέντες
1789 1456 2355 1554 Πελοποννησίων
2417 1461 2524 1531 καὶ
2574 1458 2696 1529 οὐκ
2746 1454 3059 1537 ἐξαναστά

863 1602 973 1657 τες
999 1566 1330 1675 Ἀρκάδες
1369 1575 1690 1657 διέσωζον
1732 1577 1940 1675 αὐτὴν
1981 1583 2233 1670 μοῦνοι.

740 1715 852 1775 172
1013 1684 1319 1794 Ἀπρίεω
1392 1693 1466 1766 δὲ
1530 1695 1665 1767 ὧδε
1734 1697 2317 1794 καταραιρημένου
2381 1696 2772 1798 ἐβασίλευσε
2824 1684 3059 1791 'Apum

863 1822 1075 1910 νομοῦ
1115 1815 1236 1909 μὲν
1274 1814 1541 1887 Σαΐτεω
1579 1815 1728 1898 ἐών,
1782 1815 1856 1887 ἐκ
1894 1824 2017 1915 τῆς
2053 1814 2129 1888 δὲ
2164 1818 2249 1915 ἧν
2288 1816 2543 1898 πόλιος,
2585 1816 2852 1911 οὔνομά
2901 1819 2959 1887 οἱ
2994 1816 3059 1889 ἐσ

862 1936 1097 2031 Σιούφ.
1191 1934 1273 2008 τὰ
1312 1933 1432 2027 μὲν
1470 1935 1557 2030 δὴ
1596 1943 1832 2035 πρῶτα
1885 1940 2260 2008 κατώνοντο
2307 1940 2420 2007 τὸν
2460 1923 2761 2029 Ἀμασιν
2805 1933 3059 2034 Αίγύπτι

867 2059 975 2128 καὶ
1014 2056 1083 2129 ἐν
1124 2054 1411 2152 οὐδεμιῇ
1454 2058 1661 2153 μοίρῃ
1704 2053 1966 2153 μεγάλῃ
2006 2057 2173 2154 ἦγον
2226 2056 2339 2130 ἅτε
2390 2056 2477 2155 δὴ
2515 2056 2828 2154 δημότην
2867 2061 2940 2128 τὸ
2983 2081 3059 2151 πρ

865 2176 1061 2247 ἐόντα
1119 2177 1227 2246 καὶ
1291 2174 1509 2270 οἰκίης
1566 2174 1685 2244 οὐκ
1740 2174 2140 2271 ἐπιφανέος·
2203 2174 2370 2269 μετὰ
2426 2173 2501 2247 δὲ
2554 2180 2767 2273 σοφίῃ
2810 2175 3046 2255 ἀὐτοὺς

852 2290 1175 2388 Ἀμασις,
1219 2293 1339 2364 οὐκ
1371 2291 1820 2393 ἀγνωμοσύνῃ
1859 2296 2353 2394 προσηγάγετο.
2430 2298 2515 2395 ἠν
2553 2299 2614 2368 σί
2653 2294 2832 2370 ἄλλα
2866 2320 2932 2367 τε
2965 2292 3059 2389 ἀγι

863 2414 955 2488 θὰ
1007 2419 1229 2513 μυρία,
1291 2414 1362 2486 ἐν
1416 2412 1492 2485 δὲ
1542 2416 1649 2488 καὶ
1702 2415 2124 2514 ποδανιπτὴρ
2162 2417 2467 2515 χρύσεος,
2527 2416 2597 2488 ἐν
2635 2416 2736 2511 τῷ
2760 2414 2957 2495 αὐτός
2987 2438 3054 2484 τε

777 2522 1151 2629 -,”Αμασις
1201 2535 1309 2606 καὶ
1361 2536 1423 2607 οἱ
1491 2533 1882 2629 δαιτυμόνες
1940 2538 2001 2608 οἱ
2055 2535 2298 2618 πάντες
2348 2536 2504 2617 τοὺς
2560 2534 2776 2617 πόδας
2831 2533 3059 2609 kam·

865 2656 1346 2737 ἐναπενίζοντο.
1458 2660 1689 2727 τοῦτον
1745 2643 1897 2727 κατ’
1957 2655 2051 2726 ὧν
2110 2657 2322 2753 κόψας
2375 2653 2650 2754 ἄγαλμα
2707 2656 3007 2750 δαίμονος
3053 2681 3059 2721 ι

865 2776 1071 2849 αὐτοῦ
1108 2776 1501 2873 ἐποιήσατο,
1563 2777 1672 2848 καὶ
1728 2773 1953 2874 ἵδρυσε
2002 2784 2126 2877 τῆς
2170 2775 2404 2857 πόλιος
2451 2775 2611 2847 ὅκου
2660 2778 2744 2876 ἤν
2787 2775 3059 2871 ἐπιτηδει

864 2920 1102 2967 τατον·
1162 2897 1227 2967 οἱ
1279 2894 1354 2968 δὲ
1392 2889 1740 2992 Αἰγύπτιοι
1793 2897 2175 2993 φοιτέοντες
2229 2898 2396 2996 πρὸς
2444 2896 2774 2993 τῶγαλμα
2829 2893 3059 2995 ἐσέβονι

867 3016 1198 3113 μεγάλως.
1273 3015 1511 3109 μαθὼν
1555 3014 1630 3088 δὲ
1667 3016 1702 3086 ὸ
1728 3002 2024 3110 ’Ἄμασις
2060 3018 2136 3086 τὸ
2177 3017 2253 3088 ἐκ
2290 3024 2423 3089 τῶν
2461 3014 2681 3089 ἀστῶν
2721 3019 3059 3109 ποιεύμενο1

866 3134 1288 3231 συγκαλέσας
1342 3131 1743 3232 Αἰγυπτίους
1801 3135 2087 3232 ἐξέφηνε
2159 3133 2288 3232 φὰς
2345 3136 2418 3209 ἐκ
2472 3142 2589 3208 τοῦ
2643 3137 3059 3230 ποδανιπτῆρ(

865 3254 1192 3351 τῶγαλμα
1249 3253 1627 3353 γεγονέναι,
1689 3253 1759 3335 ἐς
1815 3256 1924 3326 τὸν
1979 3257 2302 3353 πρότερον
2361 3253 2484 3349 μὲν
2529 3257 2698 3356 ,τοὺς
2750 3251 3059 3352 Αἰγοπτίοι

1177 3491 1331 3547 πόθεν
1354 3493 1417 3546 τὰ
1443 3491 1759 3564 θεσμοφόρια
1889 3491 2001 3563 περὶ
2026 3499 2121 3562 τῆς
2145 3487 2419 3561 Ἀμάσιδος
2445 3493 2701 3564 βασιλείας
2726 3494 2814 3547 καὶ
2837 3495 2903 3547 ὦν
2926 3488 3059 3561 lupa&

1070 3669 1121 3733 ‚4-
1176 3665 1497 3719 Plutarchus
1537 3683 1672 3719 mor.
1712 3682 1764 3736 p.
1798 3668 1915 3718 417.
1960 3667 2076 3719 607.
2122 3670 2239 3720 636.
2363 3667 2703 3738 Phrynichus
2752 3686 2807 3739 p.
2848 3667 2941 3719 469
2980 3657 3059 3716 ΙΔΙ

969 3734 1151 3789 Schol.
1183 3734 1350 3804 Soph.
1380 3734 1524 3789 Phil.
1557 3736 1674 3786 201.
1739 3734 2070 3790 'themistius
2096 3754 2174 3790 or.
2207 3735 2283 3789 11.
2315 3753 2368 3808 p.
2402 3739 2484 3789 27.
2560 3737 3059 3803 Theodoretusgrw

968 3803 1057 3858 aff.
1090 3805 1139 3858 X
1169 3806 1216 3855 8.
1282 3800 1519 3858 Thomas
1545 3804 1625 3857 M.
1655 3821 1705 3874 p.
1745 3807 1855 3857 160.
1903 3836 1966 3844 —-
2009 3807 2087 3856 18.
2129 3805 2325 3859 Pollux
2355 3806 2405 3859 X
2433 3808 2497 3857 78

973 3963 1016 4013 1.
1060 3959 1215 4013 αὑτοῦ
1241 3978 1267 4011 z
1337 3961 1383 4023 ΙΙ’
1430 3962 1475 4010 2.
1521 3966 1716 4013 ποιεῦσι
1740 3961 1805 4012 τὰ
1829 3977 1934 4013 om.
1964 3960 2168 4016 Athen.
2244 3962 2266 4024 ΙΙ
2335 3980 2421 4014 νυν
2448 3978 2553 4014 om.
2587 3961 2644 4014 R
2716 3963 2739 4023 ΙΙ
2810 3965 2856 4012 3.
2896 3954 3059 4013 &mrum

870 4033 950 4084 Ca
994 4030 1015 4094 ΙΙ
1062 4028 1255 4082 αὐτέων
1282 4048 1306 4080 z
1354 4031 1376 4093 ΙΙ
1424 4032 1472 4080 ss.
1516 4029 1682 4099 πάσης
1708 4028 1951 4099 separavi
1998 4032 2020 4094 ΙΙ
2076 4031 2152 4081 10.
2195 4028 2576 4099 ὑποληφθέντες
2604 4030 2660 4082 R
2708 4032 2732 4095 ΙΙ
2783 4032 2860 4082 12.
2899 4026 3059 4080 ὧδεοπ

867 4101 921 4152 R
980 4101 1001 4165 ΙΙ
1068 4100 1144 4151 13.
1188 4098 1418 4152 σίτεωΕ
1466 4100 1487 4162 ΙΙ
1538 4097 1773 4156 πόλεοςε
1831 4100 1853 4163 ΙΙ
1911 4097 2091 4150 olom.
2123 4100 2160 4151 d
2213 4101 2235 4163 ΙΙ
2300 4099 2377 4149 14.
2422 4098 2601 4170 σὶγφιί
2644 4101 2667 4162 ΙΙ
2714 4093 3035 4153 κατόνοντοΙῖ

870 4170 947 4220 15.
988 4166 1078 4220 ἅτε
1104 4199 1131 4207 -
1164 4170 1222 4219 16
1248 4167 1518 4236 ἐπιφανέος
1545 4185 1654 4220 om.
1686 4168 1723 4221 d
1767 4169 1789 4231 Η
1834 4166 2011 4236 τοπρὶν
2037 4168 2101 4228 Ρ,
2131 4166 2432 4238 τοπρότερον
2458 4186 2520 4237 qz
2574 4170 2597 4232 ΙΙ
2660 4170 2740 4220 l‘e'.
2783 4159 3058 4238 εύγνωμοοὺν

864 4257 888 4288 z
953 4238 975 4298 ΙΙ
1039 4237 1102 4300 οἱ]
1136 4235 1186 4286 οἷ
1213 4238 1264 4297 d,
1294 4243 1414 4305 post
1441 4255 1494 4289 τε
1530 4238 1578 4290 R
1648 4240 1670 4302 ΙΙ
1747 4239 1824 4289 18.
1869 4236 1921 4289 ἓν
1954 4237 2033 4289 od
2101 4239 2121 4300 ΙΙ
2193 4236 2501 4306 ποδανιπὴρ
2528 4237 2706 4306 Cl’pr.
2744 4242 2821 4301 (ut
2846 4235 3038 4291 videtur}

865 4309 949 4356 2⁰.
991 4304 1341 4364 ἐναπενιζέατο
1370 4307 1418 4359 L
1464 4311 1485 4371 ΙΙ
1543 4308 1623 4358 21.
1669 4306 1848 4364 πόλεος
1874 4325 1899 4358 z
1947 4307 1968 4369 ΙΙ
2015 4304 2403 4375 ἐπιτηδεότατον
2430 4307 2633 4360 ABR:
2663 4305 3031 4376 ἐπιτηδεώτατον

866 4375 951 4425 22.
995 4373 1265 4445 φοιτῶντες
1288 4376 1415 4441 ΑΒ,
1444 4375 1745 4446 φοιτέωντες
1777 4375 1825 4431 C
1863 4375 1885 4440 ΙΙ
1935 4375 2019 4427 25.
2062 4374 2154 4443 μέν
2181 4392 2288 4430 om.
2321 4375 2380 4429 R
