3059 5125
1094 356 1181 366 .-
1265 318 1300 382 1
1385 354 1473 365 ....
2292 315 2419 378 395

137 487 507 589 βανόμενοι
558 492 899 564 κατέκλων
936 493 999 564 οἱ
1039 490 1388 592 βάρβαροι.
1467 490 1722 588 λήματι
1760 488 1882 583 μέν
1920 456 2035 561 νυν
2074 490 2183 561 καὶ
2221 488 2419 586 ῥώμῃ

138 608 265 679 οὐκ
317 610 607 706 ἥσσονες
654 613 832 709 ήσαν
884 613 946 682 οἱ
997 609 1288 708 Πέρσαι,
1347 608 1632 682 ἄνοπλοι
1689 606 1763 680 δὲ
1824 607 2043 687 ἐόντες
2095 610 2203 679 καὶ
2257 609 2425 705 πρὸς

137 723 688 826 ἀνεπιστήμονες
739 732 915 829 ἦσαν
974 733 1083 801 καὶ
1127 729 1251 800 οὐκ
1297 730 1520 823 ὅμοιοι
1556 732 1725 802 τοῖσι
1763 726 2116 800 ἐναντίοισι
2152 730 2422 823 σοφίην,

133 846 702 944 προεξαΐσσοντες
767 848 846 919 δὲ
900 839 1044 922 κατ’
1121 847 1240 920 ἕνα
1295 851 1404 923 καὶ
1451 847 1648 936 δέκα,
1701 849 1809 918 καὶ
1863 845 2144 926 πλεῦνές
2194 871 2265 917 τε
2315 848 2426 917 καὶ

74 991 99 1038 5
135 964 508 1052 ἐλάσσονες
537 971 1099 1066 συστρεφόμενοι,
1154 969 1512 1042 ἐσέπιπτον
1553 967 1626 1049 ἐς
1662 968 1819 1047 τοὺς
1854 965 2280 1064 Σπαρτιήτας
2315 966 2424 1037 καὶ

137 1084 629 1183 διεφθείροντο.
699 1090 786 1185 τῇ
826 1085 900 1158 δὲ
935 1087 1258 1184 ἐτύγχανε
1296 1089 1496 1167 αὐτὸς
1530 1087 1662 1160 ἐὼν
1701 1081 2103 1184 Μαρδόνιος,
2149 1075 2263 1155 ἀπ’
2313 1081 2423 1155 ἴπ-
2457 1092 2540 1154 63

133 1229 270 1274 που
302 1228 379 1275 τε
411 1208 805 1301 μαχόμενος
839 1205 1076 1278 λευκοῦ
1113 1205 1295 1304 ἔχων
1329 1233 1402 1280 τε
1434 1210 1591 1305 περὶ
1626 1205 1874 1277 ἑωυτὸν
1915 1202 2206 1300 λογάδας
2230 1200 2423 1301 ’Περ-

137 1322 319 1395 σέων
357 1325 516 1404 τοὺς
552 1321 860 1423 ἀρίστους
888 1325 1171 1420 χιλίους,
1209 1328 1424 1423 ταύτῃ
1456 1323 1531 1398 δὲ
1567 1327 1678 1397 καὶ
1714 1322 2003 1418 μάλιστα
2038 1323 2194 1403 τοὺς
2229 1321 2422 1395 ἐναν-

135 1446 322 1520 τίους
360 1441 655 1514 ἐπίεσαν.
743 1444 904 1516 ὅσον
966 1443 1088 1538 μέν
1138 1471 1248 1516 νυν
1297 1448 1542 1542 χρόνον
1590 1440 1978 1542 Μαρδόνιος
2026 1450 2303 1542 περιῆν,
2363 1443 2427 1512 οἱ

74 1587 103 1634 0
137 1559 214 1632 δὲ
251 1557 569 1657 ἀντεῖχον
624 1565 732 1633 καὶ
784 1560 1191 1656 ἀμυνόμενοι
1240 1563 1653 1665 κατέβαλλον
1700 1562 1998 1642 πολλοὺς
2028 1569 2163 1632 τῶν
2202 1560 2424 1632 Λακε-

140 1680 512 1773 δαιμονίων
539 1703 553 1716 ·
647 1684 743 1761 ὡς
797 1681 872 1754 δὲ
909 1678 1292 1779 Μαρδόνιος
1343 1680 1643 1755 ἀπέθανε
1697 1683 1807 1753 καὶ
1860 1683 1936 1751 τὸ
1984 1682 2138 1778 περὶ
2174 1679 2424 1752 ἐκεῖνον

137 1800 551 1894 τεταγμένον
612 1799 722 1872 ἐὸν
777 1800 1207 1898 ἰσχυρότατον
1270 1801 1505 1890 ἔπεσε,
1567 1800 1748 1873 οὕτω
1774 1865 1784 1874 ,
1813 1800 1899 1897 δὴ
1953 1802 2061 1871 καὶ
2113 1800 2175 1870 οί
2227 1796 2426 1870 ἄλλοι

138 1918 514 2016 ἐτράποντο
581 1920 690 1990 καὶ
758 1916 934 1998 εἶξαν
996 1920 1169 1991 τοῖσι
1217 1918 1825 2012 Λακεδαιμονίοισι.
1919 1918 2232 1992 πλεῖστον
2295 1918 2425 2014 γάρ

139 2063 358 2134 σφεας
407 2036 732 2135 ἐδηλέετο
785 2040 831 2135 ἠ
891 2038 1114 2137 ἐσθὴς
1153 2038 1413 2138 ἔρημος
1463 2039 1669 2111 ἐοῦσα
1723 2037 1989 2109 ὅπλων·
2076 2039 2246 2136 πρὸς
2297 2035 2425 2134 γὰρ

78 2182 106 2231 5
139 2155 424 2235 ὁπλίτας
459 2155 680 2236 ἐόντες
714 2168 1045 2258 γυμνῆτες
1071 2157 1302 2256 ἀγῶνα
1330 2157 1694 2229 ἐποιεῦντο.
1754 2155 2044 2229 ἐνθαῦτα
2078 2159 2123 2254 ή
2161 2182 2235 2227 τε
2272 2155 2422 2252 δίκη
2458 2164 2540 2226 64

139 2281 257 2346 τοῦ
298 2277 511 2372 φόνου
545 2280 668 2347 τοῦ
701 2274 1064 2350 Λεωνίδεω
1105 2276 1270 2350 κατὰ
1303 2279 1381 2347 τὸ
1414 2279 1828 2376 χρηστήριον
1868 2279 2039 2347 τοῖσι
2075 2274 2424 2373 Σπαρτιή-

138 2419 297 2492 τῃσι
335 2393 416 2466 ἐκ
454 2390 845 2493 Μαρδονίου
894 2395 1322 2485 ἐπετελέετο,
1375 2399 1484 2467 καὶ
1531 2400 1723 2493 νίκην
1778 2392 2153 2492 ἀναιρέεται
2191 2393 2426 2464 καλλί-
2468 2451 2473 2456 .

141 2540 305 2613 στην
347 2512 671 2588 ἁπασέων
732 2521 868 2587 τῶν
921 2517 1122 2614 ἡμεῖς
1169 2516 1357 2611 ἴδμεν
1413 2513 1805 2613 Παυσανίης
1861 2515 1897 2585 ὁ
1946 2510 2428 2615 Κλεομβρότου

142 2640 257 2705 τοῦ
289 2628 872 2731 Ἀναξανδρίδεω·
946 2641 1080 2706 τῶν
1132 2632 1207 2706 δὲ
1256 2633 1634 2732 κατύπερθέ
1684 2638 1745 2705 οἱ
1790 2637 2144 2731 προγόνων
2186 2632 2270 2704 τὰ
2306 2630 2425 2702 οό-

74 2778 109 2827 ao
142 2756 408 2848 νόματα
461 2754 729 2851 εἴρηται
787 2751 857 2833 ἐς
919 2753 1304 2852 Λεωνίδην·
1395 2756 1605 2825 ὡυτοὶ
1667 2754 1794 2851 γάρ
1853 2778 1971 2848 σφι
2027 2750 2428 2848 τυγχάνουσι
2524 2766 2531 2771 “

142 2872 387 2953 ἐόντες.
448 2869 864 2969 ἀποθνήσκει
902 2871 978 2943 δὲ
1013 2868 1395 2970 Μαρδόνιος
1432 2872 1561 2944 ὑπὸ
1589 2862 2045 2969 Ἀειμνήστου
2078 2867 2315 2967 ἀνδρὸς
2353 2868 2426 2941 ἐν

141 2990 426 3090 Σπάρτῃ
486 2991 809 3088 λογίμου,
866 2991 941 3070 ὃς
973 2994 1204 3089 χρόνῳ
1255 2990 1525 3089 ὕστερον
1580 2990 1748 3085 μετὰ
1798 2991 1881 3061 τὰ
1920 2985 2197 3085 Μηδικὰ
2233 2986 2418 3084 ἔχων

143 3108 392 3208 ἄνδρας
427 3115 852 3208 τριηκοσίους
887 3109 1219 3210 συνέβαλε
1267 3110 1337 3182 ἐν
1379 3109 1821 3208 Στενυκλήρῳ
1855 3107 2161 3201 πολέμου
2198 3106 2425 3185 ἐόντος

143 3223 592 3326 Μεσσηνίοισι
639 3232 840 3318 πᾶσι,
902 3231 1013 3300 καὶ
1048 3229 1250 3311 αὐτός
1299 3254 1373 3302 τε
1412 3227 1712 3301 ἀπέθανε
1769 3232 1878 3299 καὶ
1935 3224 2420 3325 οἱῗτριηκόσιοι.

453 3450 750 3525 Μαρδονίου
787 3454 1038 3525 ἀναίρεσις
1072 3456 1160 3509 καὶ
1194 3454 1312 3525 νίκη
1331 3451 1604 3525 Ἑλλήνων
1829 3452 1943 3523 περὶ
1968 3447 2310 3523 ἈΙΙΙιμνήστου
2332 3454 2425 3502 τοῦ

343 3522 617 3584 ἀνελόντος
641 3520 934 3594 Μαρδόνιον

351 3716 402 3765 1.
431 3712 628 3793 λήματι
651 3743 681 3753 -
706 3715 738 3764 2
761 3711 894 3782 ἦσαν
919 3711 1246 3792 Pluma-obuy
1271 3728 1406 3765 mor.
1435 3729 1490 3791 p:
1521 3712 1642 3791 874.
1667 3738 1737 3751 -—
1762 3710 1845 3761 13.
1874 3707 2109 3763 πλεῖστον
2135 3737 2165 3747 -
2193 3708 2256 3758 15
2283 3707 2426 3761 ἐποι-

248 3787 394 3836 εῦντο
421 3782 628 3835 ib1dem
652 3799 705 3853 p.
742 3784 861 3835 874.
900 3811 971 3821 —
1015 3783 1075 3833 17
1091 3799 1173 3851 sq.
1213 3780 1359 3833 1dem
1394 3779 1623 3834 Ansnd.
1651 3789 1708 3832 et
1730 3777 1923 3830 Caton.
1953 3793 2130 3847 comp.
2166 3778 2198 3827 2

247 3922 292 3972 1.
332 3919 669 4040 ὶῧματιΡδι
707 3918 943 4042 λήμίζι
988 3921 1012 3984 11
1058 3919 1108 3970 2.
1150 3916 1349 3976 ἕσσονες
1376 3916 1545 3970 ἔσανε
1592 3918 1614 3980 11
1667 3917 1714 3966 3.
1759 3913 1926 3968 ἔσανι
1970 3915 1995 3979 11
2041 3912 2187 3998 ᾖσαν]
2257 3929 2348 3996 σοι]
2374 3911 2424 3964 οἱ

149 3986 321 4056 πέρσαι
461 3991 485 4053 11
547 3989 722 4057 ὁμοῖοι
960 3990 983 4052 11
1029 3985 1234 4040 ἀντίοισι
1260 3986 1315 4037 R
1360 3988 1383 4051 11
1430 3989 1480 4037 4.
1514 3983 1647 4037 κατὰ
1670 3985 1728 4036 R
1772 3985 1796 4048 11
1842 3982 1930 4034 καὶ
1953 3981 2181 4045 πλέονες]
2210 3998 2248 4031 π
2283 3997 2422 4039 tuve<

152 4054 200 4105 R
242 4059 264 4121 11
311 4061 359 4109 5.
403 4057 671 4114 ἐλάττονες
702 4055 778 4110 Cb
833 4058 855 4121 11
914 4058 965 4108 6.
1006 4054 1272 4126 μαρδόνιος
1298 4054 1395 4107 ἐὼν
1422 4056 1451 4107 b
1507 4056 1529 4119 11
1587 4054 1635 4105 8.
1676 4051 1741 4121 δὴ
1767 4069 1794 4102 z
1852 4053 1875 4116 11
1935 4052 1982 4102 9.
2024 4048 2075 4102 οἳ
2099 4048 2155 4100 δὲ
2184 4049 2241 4111 0,
2287 4046 2420 4101 οῖδεν

149 4122 201 4174 R
242 4128 264 4191 11
320 4130 394 4179 10.
435 4124 815 4195 κατεβάλλοντο
863 4127 886 4191 11
931 4127 1050 4191 τῶν]
1077 4124 1198 4182 τοὺς
1223 4125 1281 4176 R
1326 4125 1348 4189 11
1400 4124 1481 4173 12.
1524 4121 1622 4175 ἐὼν
1649 4123 1783 4190 Apr.
1814 4122 1887 4183 B,
1917 4135 2024 4172 om.
2054 4118 2084 4171 b
2131 4120 2154 4181 11
2201 4117 2251 4169 οἱ
2271 4114 2423 4169 ἄλλοι

151 4209 248 4246 om.
285 4194 332 4247 C
375 4197 398 4261 11
451 4196 532 4248 14.
574 4193 866 4265 ἐδηλήσατό
888 4192 1036 4247 Plut.
1100 4194 1124 4258 11
1182 4191 1374 4262 ἐρῆμος
1406 4190 1560 4244 6¹sz
1616 4190 1639 4253 11
1702 4191 1784 4241 15.
1823 4193 2082 4258 γυμνῆτας
2108 4187 2166 4239 B
2210 4188 2233 4251 11
2280 4184 2314 4237 ἀ
2346 4193 2421 4238 ὥ-

150 4280 232 4320 vac
257 4264 311 4316 R
381 4266 406 4329 11
476 4262 739 4315 ἐποιέοντο
763 4262 911 4317 Plut.
986 4265 1009 4328 11
1082 4262 1163 4313 16.
1202 4262 1351 4325 τοῖσι]
1391 4260 1449 4312 τὸ
1486 4262 1618 4311 τοῖσι
1644 4257 1700 4309 R
1766 4259 1790 4321 11
1864 4258 1942 4307 17.
1984 4245 2267 4334 ἔπιτελέετο
2291 4203 2348 4306 ,ἦ

154 4330 231 4381 20.
272 4330 410 4385 οὗτοι
435 4330 635 4386 ABCb
693 4334 717 4398 11
773 4333 858 4383 21.
899 4330 1180 4401 ἀῖμνήστου
1203 4331 1333 4391 ΑΒ,
1376 4327 1686 4397 ἀριμνήστου
1713 4325 1783 4380 R.
1820 4324 1980 4389 (Plut.
2010 4321 2235 4376 Ansud.
2270 4323 2350 4381 19)

153 4395 324 4521 giosspbe
349 4400 519 4523 {dnae
546 4401 601 4454 ἐν
626 4402 655 4453 b
704 4403 727 4467 11
776 4401 861 4452 22.
900 4399 1085 4474 χρόνον
1110 4398 1140 4452 b
1188 4401 1210 4467 11
1260 4400 1341 4450 23.
1384 4393 1660 4469 συνέβαλλε
1688 4393 1737 4446 C
1788 4395 1811 4460 11
1869 4394 1952 4445 24.
1996 4390 2275 4467 μεσηνίοισι
2300 4392 2419 4461 CR,

206 4485 351 4544 εσσην
374 4470 471 4522 οισί
491 4487 549 4525 τε
571 4485 600 4523 z
