3059 5125
1111 285 1513 351 ——E—
2367 292 2448 351 55

210 461 281 556 ἧν
316 458 679 556 ἠπιώτερος
726 465 846 530 τοῦ
892 462 1184 557 πατρός,
1241 459 1460 532 ἐπείτε
1513 457 1590 532 δὲ
1644 460 1955 559 ὡμίλησε
2006 453 2095 533 δι’
2142 458 2448 556 ἀγγέλων

213 576 637 677 Θρασυβούλῳ
691 580 792 674 τῷ
829 574 1145 677 Μιλήτου
1196 579 1538 678 τυράννῳ,
1589 579 1828 677 πολλῷ
1867 578 1966 651 ἐτι
2003 579 2267 676 ἐγένετο
2306 577 2449 651 Κυ-

211 697 394 795 ψέλου
446 700 988 795 μιαιφονώτερος.
1079 697 1357 796 πέμψας
1403 696 1527 797 γὰρ
1577 696 1762 798 παρὰ
1812 697 2285 799 Θρασύβουλον
2326 703 2450 797 κή-

210 841 357 915 ρυκα
408 814 808 889 ἐπυνθάνετο
859 817 1083 889 ὅντινα
1137 815 1217 890 ἂν
1273 820 1518 918 τρόπον
1557 815 2073 916 ἀσφαλέστατον
2112 841 2450 916 καταστη-

137 956 170 1004 5
208 936 471 1028 σάμενος
528 942 660 1007 τῶν
718 937 1137 1034 πρηγμάτων
1201 936 1526 1011 κάλλιστα
1581 940 1705 1037 τὴν
1756 938 1951 1011 πόλιν
2005 936 2447 1034 ἐπιτροπεύοι.

209 1052 648 1154 Θρασύβουλος
684 1054 759 1127 δὲ
793 1058 906 1126 τὸν
944 1055 1235 1131 ἐλθόντα
1268 1053 1454 1155 παρὰ
1487 1063 1607 1129 τοῦ
1644 1055 2049 1156 Περιάνδρου
2086 1055 2282 1157 ἐξῆγε
2321 1055 2452 1136 ἔξω

203 1181 314 1249 τοῦ
343 1173 601 1262 ἄστεος,
654 1173 860 1276 ἐσβὰς
895 1173 971 1249 δὲ
1008 1175 1079 1256 ἐς
1114 1175 1404 1274 ἄρουραν
1442 1176 1877 1275 ἐσπαρμένην
1917 1176 2060 1270 ἅμα
2096 1201 2169 1249 τε
2206 1174 2452 1274 διεξήιε

201 1296 275 1364 τὸ
299 1293 474 1392 λήιον
503 1293 926 1393 ἐπειρωτέων
962 1320 1036 1365 τε
1073 1299 1182 1367 καὶ
1219 1293 1640 1377 ἀναποδίζων
1680 1299 1791 1367 τὸν
1830 1300 2085 1394 κήρυκα
2122 1294 2290 1369 κατὰ
2327 1298 2449 1393 τὴν

205 1412 327 1485 ἀπὸ
374 1409 704 1511 Κορίνθου
753 1413 1008 1503 ἄπιξιν,
1076 1418 1185 1487 καὶ
1237 1413 1509 1487 ἐκόλουε
1559 1416 1688 1487 αίεὶ
1742 1414 1921 1495 ὅκως
1968 1414 2113 1489 τινὰ
2150 1415 2280 1487 ἴδοι
2314 1421 2450 1485 τῶν

112 1547 170 1597 1⁰
204 1530 536 1629 ἀσταχύων
566 1531 1003 1631 ὑπερέχοντα,
1043 1533 1337 1605 κολούων
1368 1534 1443 1607 δέ
1480 1533 1771 1633 ἔρριπτε,
1811 1534 1881 1616 ἐς
1916 1536 1952 1605 δ
1989 1540 2107 1609 τοῦ
2146 1534 2342 1632 ληίου
2378 1540 2453 1605 τὸ

203 1652 534 1727 κάλλιστόν
570 1678 643 1725 τε
690 1657 798 1729 καὶ
837 1652 1214 1753 βαθύτατον
1249 1652 1589 1751 διέφθειρε
1624 1656 1855 1752 τρόπῳ
1891 1654 2208 1750 τοιούτῳ·
2281 1653 2451 1734 διεξ-

202 1772 406 1845 ελθὼν
454 1771 528 1844 δὲ
576 1776 652 1844 τὸ
697 1777 948 1870 χωρίον
998 1776 1106 1844 καὶ
1160 1772 1580 1867 ὑποθέμενος
1629 1772 1795 1853 ἔπος
1841 1771 2032 1846 οὐδὲν
2066 1770 2453 1866 ἀποπέμπει

202 1895 312 1964 τὸν
363 1897 627 1992 κήρυκα.
715 1896 1170 1990 νοστήσαντος
1222 1891 1297 1963 δὲ
1347 1897 1468 1964 τοῦ
1524 1896 1815 1991 κήρυκος
1850 1891 1921 1972 ἐς
1954 1895 2078 1991 τὴν
2121 1889 2452 1991 Κόρινθον

203 2013 285 2108 ἦν
314 2010 647 2109 πρόθυμος
681 2010 1138 2087 πυνθάνεσθαι
1173 2015 1295 2110 τὴν
1335 2010 1693 2111 ὑποθήκην
1731 2012 1767 2082 ὁ
1805 2010 2244 2109 Περίανδρος
2303 2010 2338 2080 ὁ
2379 2008 2453 2081 δὲ

117 2144 172 2194 15
205 2130 382 2203 οὐδέν
419 2133 478 2203 οἱ
513 2130 649 2231 ἔφη
693 2127 1165 2231 Θρασύβουλον
1208 2129 1619 2219 ὑποθέσθαι,
1676 2130 2063 2223 θωυμάζειν
2120 2155 2193 2201 τε
2247 2129 2453 2201 αὐτοῦ

203 2238 352 2348 παρ’
394 2249 524 2322 οἶόν
563 2277 672 2343 μιν
714 2247 922 2349 ἄνδρα
970 2247 1428 2348 ἀποπέμψειε,
1484 2253 1579 2330 ὡς
1612 2249 2031 2350 παραπλῆγά
2065 2275 2137 2321 τε
2175 2252 2284 2321 καὶ
2318 2255 2452 2319 τῶν

204 2369 441 2441 ἑωυτοῦ
476 2369 892 2467 σινάμωρον,
943 2366 1414 2469 ἀπηγεόμενος
1468 2369 1553 2443 τά
1611 2395 1738 2467 περ
1770 2370 1941 2468 πρὸς
1978 2367 2454 2467 Θρασυβούλου

205 2487 475 2563 ὀπῶπεε.
563 2487 976 2588 Περίανδρος
1025 2487 1101 2560 δὲ
1147 2492 1390 2570 συνιεὶς
1439 2491 1516 2560 τὸ
1552 2488 1843 2588 ποιηθὲν
1901 2491 2009 2560 καὶ
2065 2491 2202 2584 νόῳ
2239 2487 2449 2585 ἴσχων
2482 2490 2545 2575 η)

207 2611 297 2690 ὥς
337 2612 396 2681 οἱ
445 2609 793 2682 ὑπετίθετο
845 2607 1316 2710 Θρασύβουλος
1374 2611 1533 2690 τοὺς
1587 2610 1980 2707 ὑπειρόχους
2037 2616 2172 2679 τῶν
2233 2604 2451 2679 ἀστῶν

121 2741 175 2790 2⁰
207 2732 524 2824 φονεύειν,
601 2729 890 2801 ἐνθαῦτα
960 2729 1046 2827 δὴ
1111 2732 1332 2801 πᾶσαν
1405 2730 1741 2826 κακότητα
1809 2728 2117 2826 ἐξέφαινε
2172 2726 2244 2806 ἐς
2298 2727 2457 2806 τοὺς

207 2847 532 2946 πολιήτας.
636 2849 765 2919 ὅσα
834 2846 958 2946 γὰρ
999 2844 1314 2944 Κύψελος
1365 2843 1651 2920 ἀπέλιπε
1710 2851 1983 2918 κτείνων
2035 2872 2108 2920 τε
2147 2849 2254 2918 καὶ
2292 2846 2452 2917 διώ-

211 2994 330 3037 κων
352 3026 370 3056 ,
419 2966 829 3067 Περίανδρός
889 2992 1064 3063 σφεα
1125 2964 1476 3055 ἀπετέλεε,
1543 2969 1665 3067 μιῇ
1745 2966 1821 3040 δὲ
1866 2966 2095 3065 ἡμέρῃ
2160 2962 2455 3038 ἀπέδυσε

208 3084 405 3168 πάσας
446 3084 565 3168 τὰς
602 3084 982 3186 Κορινθίων
1023 3087 1335 3183 γυναῖκας
1389 3085 1497 3161 διὰ
1534 3090 1657 3185 τὴν
1700 3087 1953 3159 ἑωυτοῦ
1991 3089 2266 3182 γυναῖκα
2302 3079 2453 3155 Μέ-

213 3202 444 3280 λισσαν.
554 3206 895 3304 πέμψαντι
950 3207 1078 3303 γάρ
1136 3207 1197 3275 οἱ
1253 3204 1324 3285 ἐς
1388 3204 1832 3304 Θεσπρωτοὺς
1901 3199 2004 3277 ἐπ’
2078 3192 2457 3301 Ἀχέροντα

129 3335 183 3385 ²5
212 3331 488 3421 ποταμὸν
554 3325 881 3424 ἀγγέλους
950 3324 1062 3397 ἐπὶ
1134 3327 1211 3395 τὸ
1274 3330 1799 3424 νεκυομαντήιον
1877 3323 2457 3424 παρακαταθήκης

493 3572 606 3642 περὶ
630 3568 992 3642 Θρασυβούλου
1015 3575 1106 3623 τοῦ
1131 3567 1367 3642 Μιλήτου
1391 3571 1637 3642 τυράννου

397 3868 442 3919 8.
491 3863 809 3946 ἐπειρωτέων
836 3894 864 3903 -
889 3862 1093 3933 κήρυκα
1116 3860 1391 3915 Antonius
1416 3860 1573 3914 Mon.
1618 3878 1672 3930 p.
1704 3863 1822 3913 200.
1872 3890 1929 3900 -
1967 3859 2211 3914 Bekkeri
2248 3860 2456 3914 Anecd.

305 3949 352 4002 p.
386 3936 506 4056 ¹83&
533 3932 728 3988 Suldas
764 3951 812 3986 v.
856 3932 1189 3993 άναποδίζειν.
1247 3961 1309 3970 -
1368 3932 1449 3983 17.
1489 3927 1681 3992 Λέξεις.
1736 3960 1803 3968 —-
1854 3932 1934 3981 24.
1989 3928 2312 3983 Eustathius
2349 3929 2456 3983 Od.

306 4018 354 4071 p.

309 4156 350 4207 2.
387 4157 636 4226 τυράννων
661 4160 715 4211 Α
774 4159 798 4221 H
857 4157 905 4207 4.
949 4153 1010 4208 ἂν
1035 4172 1141 4208 om.
1171 4172 1226 4206 rt:
1286 4157 1308 4218 ΙΙ
1360 4153 1436 4205 ’ἀσ
1478 4153 1744 4225 αλέστερον
1772 4154 1846 4207 st
1905 4155 1927 4218 ΙΙ
1987 4154 2034 4204 8.
2076 4152 2366 4222 ἐπειρωτῶν
2392 4153 2456 4218 L,

226 4218 458 4292 ἐπερωτῶν
479 4226 686 4279 Anton.
750 4228 773 4291 Η
830 4227 880 4276 9.
919 4224 997 4278 ἀεὶ
1019 4225 1132 4278 ΑΒ
1192 4225 1214 4289 ΙΙ
1269 4223 1408 4281 τινὰς
1434 4172 1541 4277 {²112
1600 4225 1622 4287 u
1681 4225 1757 4274 10.
1802 4222 2141 4292 ὑπερέχοντας
2163 4230 2264 4274 τῶν
2289 4221 2462 4276 ἄλλων

228 4287 312 4342 Prz
358 4297 380 4359 ss
434 4295 515 4349 ἐσὸ
539 4297 652 4350 ΑΒ
711 4297 733 4359 ΙΙ
796 4297 876 4345 15.
918 4292 1174 4361 θωμάζειν
1199 4293 1398 4347 ABGd
1458 4295 1481 4357 ΙΙ
1541 4292 1723 4345 ἑαυτοῦ
1753 4293 1790 4344 d
1846 4294 1868 4357 ΙΙ
1941 4281 2020 4343 1¹1.
2065 4291 2400 4361 συνάμορονκ

228 4374 417 4484 QZ,
447 4367 672 4486 πὲρι-218.
717 4365 876 4422 συνεὶς
904 4364 940 4416 d
984 4364 1007 4428 ΙΙ
1054 4366 1188 4433 σχὼν
1215 4363 1351 4431 Ppr.
1380 4379 1410 4412 r
1456 4364 1478 4426 ΙΙ
1540 4362 1621 4412 21.
1665 4360 1985 4414 ἀπέλειπεΒ
2043 4363 2065 4424 ΙΙ
2128 4361 2208 4412 22.
2253 4378 2345 4431 σφε
2372 4380 2401 4413 r

410 4450 458 4485 σε
1993 4462 2001 4469 .
