3059 5125
531 368 578 412 χ
1524 347 1816 404 Praefatio.

526 549 682 598 mos
717 524 961 620 exegi,
1004 549 1142 597 nec
1175 525 1547 620 poenituit
1582 525 1738 598 eius
1774 549 2063 620 operae,
2114 550 2279 597 cum
2312 549 2463 596 non
2499 549 2741 619 pauca
2766 551 2810 597 a

526 653 1222 748 Schweighaeusero
1253 652 1372 729 vel
1398 656 1910 749 praetermissa
1935 651 2054 728 vel
2082 651 2594 749 neglegentius
2630 680 2810 728 eno-

527 791 681 856 tata
714 783 1357 876 deprehenderem.
1450 784 1561 856 de.
1592 781 1738 856 illis
1784 783 2013 878 igitur
2045 781 2255 855 libris
2296 807 2535 858 meam
2578 784 2810 858 inter-

525 936 722 1007 pono
757 913 1003 999 fidem,
1057 920 1298 986 cetera
1345 920 1634 1007 praeter
1668 935 1939 1007 paucos
1974 913 2325 1005 quosdam
2372 910 2573 988 locos
2610 938 2655 984 a
2686 938 2810 986 me

526 1039 862 1116 consulto
912 1042 1282 1134 inspectos
1344 1066 1390 1112 a
1435 1041 2134 1136 Schweighaeusero
2191 1041 2473 1135 sumpsi
2530 1042 2807 1114 omnia.

528 1170 656 1265 qui
693 1172 870 1242 dum
905 1171 1000 1241 ad
1034 1170 1235 1243 hunc
1272 1169 1735 1265 potissimum
1786 1168 2113 1256 codicem
2146 1193 2357 1244 suam
2390 1171 2812 1244 moderatur

526 1299 946 1385 editionem,
1001 1300 1299 1393 saepius
1338 1324 1561 1394 quam
1598 1297 1824 1373 velles
1860 1306 1991 1372 aut
2025 1297 2271 1374 omisit
2318 1300 2410 1372 de
2446 1322 2537 1370 eo
2570 1299 2812 1374 nomi-

525 1428 758 1502 natim
823 1429 1076 1502 testari
1094 1483 1113 1514 ,
1184 1437 1316 1502 aut
1380 1451 1569 1523 quae
1634 1435 2003 1504 enotasset
2053 1428 2248 1504 inter
2300 1427 2812 1502 describendas

524 1557 874 1632 lectiones
951 1556 1369 1650 effugerunt
1439 1557 1818 1634 hominem
1880 1557 2085 1630 haud
2157 1555 2607 1632 incuriosum
2682 1559 2812 1632 sed

516 1670 533 1697 ‘
562 1684 867 1755 obtusae
918 1682 1304 1760 oculorum
1349 1685 1594 1760 aciei’:
1686 1686 1763 1759 id
1800 1687 1998 1781 quod
2039 1709 2304 1760 moneo
2352 1710 2447 1762 ne
2497 1686 2671 1780 quis
2723 1711 2811 1760 eo

525 1809 820 1886 silentio
856 1813 1198 1908 cupidius
1235 1815 1604 1888 abutatur.
1696 1815 1777 1890 in
1810 1812 1988 1888 folio
2024 1813 2289 1890 codicis
2338 1823 2425 1886 ut
2456 1839 2663 1890 nunc
2698 1825 2814 1896 est

525 1939 791 2016 ultimo
823 1939 1096 2036 legitur
1132 1939 1396 2023 Λέξεων
1435 1943 2022 2020 Herodotearum
2054 1940 2576 2040 fragmentum:
2618 1970 2813 2040 quae

526 2070 793 2148 desunt
848 2070 1228 2165 perierunt.
1287 2095 1454 2148 cum
1511 2069 2100 2166 f01i0.proximo
2116 2127 2134 2159 ,
2208 2097 2661 2169 quamquam
2718 2099 2811 2150 ne

526 2196 716 2272 illud
764 2200 1064 2295 quidem
1118 2201 1360 2296 ipsum
1420 2202 1642 2278 adeso
1704 2204 2173 2282 membranae
2232 2203 2566 2299 margine
2612 2203 2813 2282 intc-

523 2352 739 2423 grum
775 2330 1094 2406 mansit..
1146 2330 1273 2406 sed
1295 2330 1398 2417 ,de
1433 2331 1581 2404 hoc
1614 2328 1839 2425 plura
1868 2330 1950 2404 in
1975 2330 2348 2408 volumine
2382 2330 2638 2420 altero,
2679 2334 2813 2410 ubi

522 2452 760 2539 Λέξεις
795 2455 966 2534 illae
1003 2459 1336 2534 edentur.

732 2588 801 2663 4.
863 2587 943 2661 Ρ
1002 2588 1377 2663 Parisinus
1414 2585 1912 2663 bibliothecae
1960 2597 2047 2665 ut
2092 2613 2293 2667 nunc
2328 2600 2635 2667 vocatur
2670 2592 2811 2669 im·-

523 2715 822 2813 perialis
857 2740 1166 2791 numero
1212 2717 1429 2799 1633,
1460 2720 1999 2805 membraneus,
2026 2715 2263 2793 forma
2295 2719 2520 2815 paulo
2549 2722 2812 2799 maiori

525 2869 750 2940 quam
777 2847 1152 2940 quadrata,
1182 2847 1565 2923 continens
1591 2843 1977 2921 fasciculos
2002 2855 2427 2925 octonorum
2461 2846 2812 2927 foliorum

525 2973 621 3047 36
691 2974 1014 3069 signatos
1079 2975 1254 3061 inde
1318 2978 1411 3049 ab
1475 2975 2045 3051 undetricesimo
2116 2976 2432 3055 numeris
2495 2978 2577 3050 in
2642 2980 2812 3057 imis

522 3102 979 3198 marginibus
1040 3103 1262 3198 primi
1324 3103 1709 3199 cuiusque.
1740 3113 1817 3179 et
1864 3106 2107 3179 octavi
2169 3104 2330 3181 folii
2394 3108 2807 3204 adscriptis.

526 3229 774 3305 ultimi
800 3229 1130 3307 fasciculi
1161 3241 1478 3327 quatuor
1500 3231 1685 3307 folia
1706 3243 2138 3315 manserunt
2163 3260 2417 3311 vacua.
2471 3236 2811 3333 singulae

523 3361 839 3455 paginae
926 3361 1226 3435 tricenis
1315 3346 1567 3457 quini‘s
1652 3360 1806 3439 fere
1890 3364 2220 3441 versibus
2301 3350 2807 3449 absolvuntur.

525 3489 844 3585 scriptus
893 3498 1004 3565 est
1055 3498 1212 3569 arte
1248 3488 1469 3584 plane
1517 3489 1881 3585 singulari
1931 3516 2363 3588 summaque
2400 3519 2597 3583 cura,
2653 3520 2812 3573 sae—

526 3616 724 3705 cule,
787 3627 875 3697 ut
933 3619 1124 3693 mihi
1187 3619 1577 3697 videbatur
1595 3675 1614 3707 ‚
1688 3621 1907 3699 tertio
1970 3623 2253 3699 decimo
2274 3677 2292 3711 ,
2354 3625 2811 3718 compendiis

525 3771 760 3841 paene
798 3746 1046 3825 nullis.
1137 3744 1486 3823 librarius
1525 3750 1890 3845 quidquid
1923 3749 2203 3827 calamo
2240 3755 2602 3827 turbasset
2635 3754 2810 3849 reli-
2896 3842 2902 3850 ,

521 3876 724 3973 giose
775 3879 1117 3964 correxit,
1165 3878 1514 3972 idemque
1562 3877 1835 3955 multas
1884 3887 2047 3957 tum
2094 3881 2290 3957 inter
2324 3882 2525 3977 ipsos
2559 3908 2809 3961 versus

484 4090 489 4095 ,
523 4014 683 4083 tum
733 4007 816 4079 in
851 4008 1306 4102 marginibus
1351 4007 1737 4102 adscripsit
1773 4010 2199 4097 varietates,
2248 4035 2807 4108 nonnumquam

525 4136 838 4231 antiqua
871 4135 1111 4211 deleta
1145 4134 1522 4211 meliorem
1569 4135 1851 4213 scilicet
1891 4136 2191 4215 aliunde
2226 4141 2519 4219 suffecit
2548 4141 2806 4221 lectio-

525 4289 721 4351 nem,
751 4266 1044 4359 saepius
1081 4265 1307 4339 etiam
1345 4266 1577 4361 signis
1615 4268 2055 4362 quibusdam
2090 4270 2405 4365 adpictis
2442 4269 2548 4367 (·:·
2605 4300 2649 4344 ·:
2683 4271 2805 4368 -Η

525 4393 972 4488 significasse
1024 4402 1414 4471 contentus
1466 4394 1586 4473 vel
1647 4405 1899 4471 extare
1962 4398 2460 4475 diversitatem
2515 4399 2637 4475 vel
2693 4426 2806 4479 re-

528 4523 745 4634 quiri.
854 4548 1002 4631 qua
1037 4523 1337 4629 quidem
1382 4548 1559 4605 cura
1607 4526 1949 4607 effectum
1995 4536 2105 4607 est
2139 4536 2225 4609 ut
2257 4526 2431 4609 libri
2468 4533 2806 4615 evaderet
