3059 5125
1185 345 1475 402 Praefatio.
2303 363 2474 410 xxlx
2490 427 2493 430 Ἴ

188 530 569 623 πενταχοῦ,
655 527 795 599 126
856 521 1066 624 ἀρχῇ]
1123 525 1415 621 ταραχῇ.
1543 520 1598 594 Δ
1656 522 1742 593 51
1814 519 2110 619 ἔρχεται]
2167 520 2466 620 ἄρχεται,

196 654 335 728 138
372 652 720 753 Στρατίης
755 652 875 728 vel
911 651 1307 752 Στραττίης]
1344 650 1665 750 Στράττις
1702 646 1817 745 (cf.
1860 645 1911 720 Θ
1968 649 2155 746 132),
2192 651 2472 723 ibidem

189 779 534 878 Αἰακίδας]
575 778 840 880 Αἰάκης
885 780 997 877 (cf.
1040 780 1094 853 Z
1138 781 1255 854 13.
1297 780 1460 876 25),
1533 781 1673 852 140
1712 778 1799 874 οἱ]
1850 775 1995 861 οἶα,
2072 781 2213 853 172
2269 778 2469 878 γάλα]

186 911 292 982 ἐπὶ
346 910 550 1007 γάλα.
665 907 726 983 Ε
764 913 860 985 20
900 905 1260 1005 Μακεδών]
1302 904 1733 988 Μακεδόνων,
1794 908 1929 981 92η
1966 906 2186 980 οὔκων
2237 907 2322 1006 ἢν
2371 911 2467 1007 μὴ

184 1039 575 1136 παύσησθε]
604 1037 825 1113 οὔκων
851 1039 1213 1121 παύσεσθε,
1253 1035 1314 1108 Η
1347 1038 1496 1109 219
1530 1035 1671 1131 ἅμα
1704 1034 1845 1134 ἠοῖ]
1880 1035 2020 1130 ἅμα
2057 1033 2143 1116 οἶ,
2180 1047 2307 1109 aut
2338 1063 2469 1111 ex-

183 1167 377 1261 pulit
427 1167 738 1242 aliunde
790 1170 1081 1242 invecta
1133 1164 1186 1239 Γ
1245 1168 1411 1240 126.
1530 1165 1711 1260 quid
1775 1167 1972 1260 quod
2038 1166 2224 1239 vidit
2287 1166 2465 1239 olim

185 1322 367 1391 quae
403 1308 671 1392 postea
703 1298 939 1371 critici
968 1296 1256 1370 nobiles
1281 1296 1552 1369 vidisse
1578 1295 1720 1367 sibi
1753 1295 1973 1389 primi
2006 1296 2465 1382 videbantur,

185 1426 385 1500 velut
422 1425 479 1499 Γ
523 1431 568 1500 7
610 1426 944 1522 ἕλξαντες]
981 1424 1316 1508 σάξαντες,
1368 1427 1464 1498 66
1507 1426 1603 1523 μὴ
1644 1423 1790 1518 μέν]
1831 1428 1926 1524 μή
1967 1450 2098 1519 μιν,
2143 1422 2196 1496 Δ
2237 1429 2281 1498 5
2318 1425 2463 1520 τοῦ]

134 1552 146 1564 ”
183 1563 339 1638 τῶν,
400 1558 498 1629 78
541 1554 750 1654 αὕτη]
786 1553 958 1654 αὐτή
1013 1580 1179 1628 eum
1229 1554 1571 1639 Reiskio,
1644 1550 1699 1624 Δ
1757 1554 1850 1625 79
1903 1552 2153 1649 κάτισε]
2201 1556 2462 1627 κατεῖσε

184 1709 344 1755 oum
397 1685 900 1758 Valckenario
919 1740 939 1771 ,
1011 1679 1066 1754 Γ
1118 1685 1215 1757 68
1277 1680 1735 1777 ἀνιστάμενος]
1801 1681 2229 1777 ἐνιστάμενος
2295 1708 2461 1756 cum

183 1825 511 1909 utroque,
556 1812 614 1897 Γ
652 1815 748 1888 69
785 1813 898 1912 ἢν]
934 1814 991 1885 εἰ
1027 1837 1196 1886 cum
1223 1808 1639 1896 Sohaefer0‚
1678 1808 1733 1884 Z
1760 1813 1855 1883 87
1894 1810 2261 1911 πεντήρης]
2296 1838 2460 1886 πεν-

180 1948 440 2043 τετηρίς
509 1968 683 2017 cum
745 1943 1254 2016 Schoemanno
1319 1944 1597 2036 OpusC.
1637 1941 1678 2012 I
1733 1966 1805 2036 p.
1850 1940 2021 2013 315.
2145 1965 2459 2037 cumque

181 2074 526 2146 orationis
591 2072 1056 2147 Herodoteae
1121 2071 1613 2168 proprietates
1680 2072 1761 2143 in
1835 2070 2090 2166 paucis
2158 2070 2487 2145 calleret'

181 2201 556 2297 multaque
608 2228 702 2276 ex
755 2203 1022 2276 intima
1070 2202 1231 2275 eius
1282 2199 1531 2273 indole
1572 2199 1946 2273 subtiliter
1982 2202 2456 2288 observasset,

182 2333 467 2428 acrique
504 2333 788 2406 iudicio
823 2332 1241 2427 exquireret
1293 2330 1474 2425 quid
1509 2331 1602 2402 ad
1639 2328 2243 2424 aequabilitatem
2284 2355 2458 2403 con-

181 2463 776 2557 venientiamque
822 2461 1175 2565 sermonis
1219 2460 1780 2544 desideraretur,
1831 2460 1911 2531 in
1950 2460 2151 2532 omni
2188 2483 2454 2555 genere

183 2594 716 2667 emendationis
752 2592 993 2666 effecit
1027 2593 1232 2666 haud
1265 2590 1539 2685 exigua
1573 2612 1906 2674 numero,
1946 2590 2215 2684 quibus
2257 2591 2454 2663 nihil

179 2717 318 2793 fere
381 2725 478 2795 ad
529 2722 859 2796 veritatis
910 2719 1433 2816 perfectionem
1485 2721 1732 2792 deesse
1782 2719 2118 2792 videatur
2168 2729 2457 2814 praeter

182 2849 408 2943 ipsam
445 2854 968 2926 necessitatem
1005 2850 1466 2924 emendandi.
1566 2849 1977 2925 cuiusmodi
2028 2859 2201 2921 sunt
2247 2848 2453 2923 velut

181 2977 374 3068 haee,
403 3006 599 3077 quae
626 3007 668 3054 e
693 2982 954 3077 grandi
992 3004 1296 3053 numero
1332 2981 1675 3072 decerpta
1700 2976 1895 3051 infra
1919 2979 2154 3073 posui.
2214 2973 2270 3049 A
2308 2981 2449 3052 102

183 3107 293 3180 δύο
325 3114 434 3182 καὶ
469 3110 704 3206 εἴκοσι]
742 3110 862 3182 δύο
900 3135 973 3182 τε
1009 3112 1118 3180 καὶ
1155 3110 1379 3191 εἴκοσι,
1441 3104 1505 3180 Β
1552 3108 1694 3180 168
1732 3094 2235 3209 ιΕρμοτυβίιιυν]
2277 3095 2449 3207 ‘Ep-

185 3239 505 3340 μοτυβίων
545 3238 763 3322 ἄλλοι,
807 3236 861 3311 Γ
907 3240 988 3312 11
1034 3237 1214 3333 τούς]
1250 3239 1548 3320 τούτους,
1599 3238 1686 3310 12
1719 3235 2169 3336 διαρρήξειας]
2206 3234 2446 3336 διαρά-

45 3380 52 3389 “
185 3364 364 3450 teme,
413 3370 506 3441 14
533 3366 807 3463 πάντες]
843 3366 1149 3465 πατέρες,
1195 3367 1282 3440 31
1323 3363 1750 3468 βασιληίους]
1781 3363 2177 3465 βασιληίους
2203 3364 2446 3439 καλεο-

187 3494 428 3587 μένους,
478 3496 533 3570 Δ
574 3498 618 3571 3
655 3495 945 3597 ἐτράφη]
982 3494 1354 3596 ἐπετράφη,
1400 3497 1496 3568 ’76
1537 3494 1749 3590 ἔθεσι]
1785 3491 2005 3593 ἤθεσι,
2057 3494 2199 3566 189
2237 3494 2446 3593 κάρτα

184 3619 297 3721 γὰρ
342 3628 556 3725 ταύτῃ
608 3627 943 3726 χρέωνται
998 3624 1225 3705 καλῶς
1273 3624 1341 3695 αἱ
1377 3621 1736 3725 Λίβυσσαι]
1793 3621 2002 3720 κάρτα
2053 3620 2180 3722 γὰρ
2228 3625 2441 3720 ταύτῃ

187 3753 501 3849 χρέωνται
539 3756 606 3827 αί
644 3752 974 3855 Λίβυσσαι
1011 3756 1118 3825 καὶ
1156 3751 1486 3852 χρέωνται
1524 3751 1767 3833 καλῶς,
1811 3746 1870 3821 Ε
1901 3751 1989 3822 91
2032 3747 2446 3845 ἀπικόμενοι]

188 3875 541 3977 ἀκεόμενοι,
599 3880 662 3954 Η
705 3883 799 3956 53
840 3880 1266 3977 ἀποστείλας]
1317 3878 1679 3963 ἀπολύσας,
1735 3877 1761 3951 l
1803 3880 1897 3953 53
1944 3872 2131 3952 ταῦτ’
2178 3876 2444 3953 ἀναινο-

191 4007 398 4106 μένου]
443 4016 652 4085 ταότα
694 4010 1098 4106 νενωμὲνου.
1182 4010 1419 4083 multo
1468 4011 1694 4083 etiam
1737 4008 1956 4104 plura
1997 4009 2445 4103 excogitavit

191 4159 323 4210 non
377 4142 528 4213 veri
590 4140 868 4213 similia
916 4140 1054 4213 illa
1112 4142 1412 4237 quidem
1467 4141 1596 4212 sed
1645 4148 1894 4213 tamen
1946 4138 2191 4234 specie
2241 4138 2441 4211 haud

189 4264 663 4361 improbabili,
713 4269 922 4346 velut
959 4269 1153 4344 illud
1187 4270 1464 4365 insigni
1517 4268 1827 4341 audacia
1868 4268 1933 4339 B
1980 4269 2120 4341 176
2158 4271 2277 4337 τοῦ
2315 4263 2439 4336 αὐ-

193 4403 296 4469 τοῦ
342 4399 559 4481 ἐόντος
608 4399 826 4495 λίθου]
865 4395 1260 4473 Αἰθιοπικοῦ
1306 4397 1539 4478 ἐόντος
1583 4397 1795 4481 λίθου,
1852 4398 2046 4492 quod
2084 4397 2325 4469 adhuc
2360 4395 2440 4467 in

194 4526 614 4603 editionibus
650 4527 1057 4625 legebatur.
1154 4537 1327 4600 sunt
1370 4508 1771 4622 praeterea,
1818 4551 1912 4600 ne
1951 4526 2133 4621 quid
2183 4523 2440 4596 lauda-
