3059 5125
1080 341 1168 353 —
1255 306 1325 369 H
1413 342 1501 353 —
2316 309 2441 371 221

164 477 500 581 ἀνέβησαν
549 478 620 559 ἐς
656 478 884 552 Σοῦσα
943 482 1054 551 καὶ
1105 479 1368 581 βασιλέι
1420 480 1490 561 ές
1544 479 1691 578 ὄψιν
1742 478 1993 579 ἦλθον,
2051 486 2290 577 πρῶτα
2328 478 2455 573 μὲν

162 606 291 670 τῶν
332 600 725 697 δορυφόρων
774 599 1179 671 κελευόντων
1241 602 1352 672 καὶ
1403 597 1706 697 ἀνάγκην
1761 625 1879 696 σφι
1933 603 2452 698 προσφερόντων

164 717 596 817 προσκυνέειν
639 715 921 816 βασιλέα
969 722 1551 816 προσπίπτοντας,
1608 718 1728 791 οὐκ
1777 717 2038 816 ἔφασαν
2076 716 2454 811 ὠθεόμενοι

168 826 279 910 ὑπ’
344 834 569 909 αὐτῶν
622 835 734 909 ἐπὶ
770 837 1074 935 κεφαλὴν
1129 841 1441 937 ποιήσειν
1486 843 1697 909 ταῦτα
1757 835 2060 931 οὐδαμά·
2136 835 2291 908 οὔτε
2327 833 2455 934 γὰρ

108 974 132 1019 5
169 960 352 1053 σφίσι
402 954 474 1027 ἐν
527 958 720 1051 νόμῳ
773 954 943 1029 εἶναι
981 955 1340 1054 ἄνθρωπον
1379 955 1809 1055 προσκυνέειν
1847 956 2003 1029 οὔτε
2039 954 2206 1028 κατὰ
2239 959 2456 1027 ταῦτα

167 1077 375 1173 ήκειν.
476 1075 573 1155 ὡς
636 1073 711 1147 δὲ
774 1072 1297 1172 ἀπεμαχέσαντο
1361 1080 1591 1163 τοῦτο,
1654 1074 1934 1173 δεύτερά
2002 1100 2121 1172 σφι
2184 1073 2456 1170 λέγουσι

170 1194 326 1266 τάδε
376 1194 491 1264 καὶ
538 1192 742 1290 λόγου
786 1195 1047 1267 τοιοῦδε
1085 1194 1380 1290 ἐχόμενα
1407 1180 1517 1263 “ab
1567 1193 1847 1293 βασιλεῦ
1889 1189 2188 1292 Μήδων,
2239 1191 2453 1285 ἔπεμ-

172 1315 295 1410 ψαν
340 1311 568 1411 ἡμέας
606 1310 1127 1406 Λακεδαιμόνιοι
1176 1311 1325 1385 ἀντὶ
1358 1318 1492 1384 τῶν
1547 1313 1616 1385 ἐν
1669 1311 1951 1411 Σπάρτῃ
2014 1310 2458 1405 ἀπολομένων

172 1434 482 1530 κηρύκων
518 1432 757 1527 ποινὴν
799 1431 1067 1503 ἐκείνων
1115 1421 1478 1520 τίσοντας,”
1527 1432 1798 1529 λέγουσι
1838 1429 1912 1502 δὲ
1955 1430 2213 1503 αὐτοῖσι
2248 1434 2458 1502 ταῦτα

92 1572 140 1621 ιο
173 1548 431 1649 Ξέρξης
481 1549 608 1620 ὑπὸ
657 1548 1265 1649 μεγαλοφροσύνης
1308 1549 1431 1645 οὐκ
1468 1549 1605 1648 ἔφη
1648 1550 1882 1644 ὅμοιος
1921 1547 2194 1622 ἔσεσθαι
2233 1546 2459 1620 Λακε-

176 1669 613 1762 δαιμονίοισι·
691 1672 947 1749 κείνους
1006 1666 1127 1761 μὲν
1171 1666 1295 1767 γὰρ
1334 1669 1616 1766 συγχέαι
1650 1668 1733 1741 τὰ
1765 1670 2038 1741 πάντων
2080 1665 2458 1765 ἀνθρώπων

174 1790 421 1880 νόμιμα
471 1783 989 1868 ἀποκτείναντας
1044 1790 1377 1886 κήρυκας,
1439 1787 1641 1869 αὐτὸς
1692 1786 1767 1858 δὲ
1820 1785 1904 1858 τὰ
1954 1786 2258 1859 ἐκείνοισι
2309 1785 2458 1857 ἑπι-

176 1905 465 2003 πλήσσει
531 1909 739 1976 ταῦτα
808 1906 888 1977 οὐ
940 1910 1286 2004 ποιήσειν,
1358 1905 1517 1977 οὐδὲ
1582 1904 2099 1984 ἀνταποκτείνας
2169 1903 2462 1983 ἐκείνους

179 2022 536 2097 ἀπολύσειν
602 2022 1176 2117 Λακεδαιμονίους
1230 2031 1357 2123 τῆς
1407 2026 1647 2123 αἰτίης.
1746 2023 1922 2095 οὕτω
1976 2024 2026 2122 ἡ
2075 2019 2598 2122 Ταλθυβίου137

94 2162 146 2211 15
182 2150 371 2243 μῆνις
407 2144 521 2214 καὶ
555 2147 765 2214 ταῦτα
800 2142 1232 2242 ποιησάντων
1273 2141 1760 2241 Σπαρτιητέων
1798 2143 2139 2216 ἐπαύσατο
2191 2143 2267 2212 τὸ
2322 2166 2458 2213 πα-

181 2267 484 2359 ραυτίκα,
554 2264 790 2359 καίπερ
830 2257 1442 2359 ἀπονοστησάντων
1499 2261 1569 2341 ἐς
1622 2261 1940 2361 Σπάρτην
1977 2260 2331 2359 Σπερθίεώ
2386 2285 2461 2332 τε

183 2384 285 2452 καὶ
332 2376 652 2460 Βούλιος.
744 2382 972 2478 χρόνῳ
1036 2378 1110 2452 δὲ
1173 2380 1530 2473 μετέπειτα
1592 2379 1834 2476 πολλῷ
1882 2379 2235 2479 ἐπηγέρθη
2293 2376 2462 2451 κατὰ

182 2500 287 2570 τὸν
326 2495 900 2596 Πελοποννησίων
974 2501 1085 2570 καὶ
1130 2485 1530 2598 Ἀθηναίων
1611 2498 1951 2593 πόλεμον,
2024 2503 2120 2581 ὡς
2192 2498 2464 2597 λέγουσι

188 2616 720 2711 Λακεδαιμόνιοι.
813 2621 1011 2689 τοῦτό
1065 2645 1176 2709 μοι
1223 2618 1293 2691 ἐν
1333 2622 1504 2692 τοῖσι
1541 2618 1888 2691 θειότατον
1928 2624 2234 2715 φαίνεται
2270 2619 2462 2715 γενέ-

102 2753 154 2803 20
187 2734 361 2807 σθαι.
473 2737 575 2807 ὅτι
642 2734 764 2828 μὲν
836 2736 960 2834 γὰρ
1023 2735 1407 2834 κατέσκηψε
1466 2738 1538 2819 ἐς
1599 2735 1926 2832 ἀγγέλους
1977 2739 2025 2835 ή
2079 2733 2466 2836 Ταλθυβίου

191 2861 375 2952 μῆνις
412 2852 576 2926 οὐδὲ
612 2854 952 2927 ἐπαύσατο
999 2858 1155 2952 πρὶν
1191 2855 1237 2953 ἢ
1279 2855 1558 2955 ἐξῆλθε,
1596 2857 1673 2927 τὸ
1712 2855 1961 2927 δίκαιον
2002 2854 2178 2926 οὕτω
2215 2853 2418 2952 ἔφερε
2445 2878 2460 2892 ·

188 2974 257 3043 τὸ
305 2971 376 3046 δὲ
430 2978 795 3066 συμπεσεῖν
861 2973 931 3054 ές
979 2975 1137 3054 τοὺς
1185 2973 1432 3054 παῖδας
1494 2982 1630 3045 τῶν
1702 2971 1962 3072 ἀνδρῶν
2013 2976 2265 3044 τούτων
2323 2980 2460 3043 τῶν

192 3087 575 3191 ἀναβάντων
630 3094 798 3190 πρὸς
851 3090 1135 3192 βασιλέα
1184 3091 1293 3164 διὰ
1328 3097 1449 3191 τὴν
1508 3100 1741 3192 μῆνιν,
1803 3092 1873 3173 ἐς
1909 3090 2201 3164 Νικόλαν
2241 3116 2312 3162 τε
2349 3093 2466 3163 τὸν

192 3203 471 3290 Βούλιος
534 3211 643 3281 καὶ
698 3210 769 3290 ἐς
795 3199 1203 3308 Ἀνήριστον
1255 3213 1367 3281 τὸν
1438 3210 1827 3309 Σπερθίεω,
1890 3213 1964 3290 δς
2019 3197 2466 3289 εἶλεἋλιέας

110 3342 162 3392 25
192 3329 338 3408 τοὺς
373 3327 448 3400 ἐκ
483 3325 806 3426 Τίρυνθος
843 3327 1072 3400 ὁλκάδι
1109 3329 1564 3410 καταπλώσας
1598 3329 1848 3428 πλήρεϊ
1903 3328 2162 3427 ἀνδρῶν
2184 3387 2200 3418 ‚
2258 3327 2467 3428 δῆλον

397 3616 448 3666 11
484 3632 564 3685 sq.
604 3614 926 3669 Eustathius
952 3614 1016 3669 11.
1046 3633 1101 3687 p.
1135 3618 1231 3668 110

297 3754 341 3802 1.
412 3751 579 3805 ασιλεῖ
601 3754 740 3814 ΑΒ,
776 3751 1033 3874 βασιλέως
1061 3753 1117 3805 R
1176 3755 1198 3818 ΙΙ
1262 3754 1310 3805 2.
1354 3754 1709 3825 προφερόντων
1737 3767 1823 3825 σφι
1850 3754 1906 3808 R
1965 3757 1986 3819 ΙΙ
2046 3755 2094 3806 3.
2138 3751 2283 3821 βασιλ
2324 3771 2405 3806 απ

203 3817 303 3870 οὐδ’
336 3823 376 3872 ὦ
440 3821 612 3890 όμενοι
642 3821 774 3875 Vale
818 3838 981 3876 enaer
1050 3824 1071 3886 ΙΙ
1142 3825 1193 3872 4.
1233 3823 1358 3892 πρὸς
1385 3822 1441 3876 R
1513 3825 1535 3887 ll
1617 3822 1808 3876 αὐτέων
1835 3841 1861 3875 z
1942 3826 1964 3886 ΙΙ
2048 3821 2250 3890 οὐδαμᾶ
2344 3823 2405 3875 dz

205 3887 247 3937 5.
274 3903 300 3938 σ
338 3889 402 3941 ίσι
425 3888 644 3960 scripsit
672 3906 758 3977 σφι
803 3893 825 3955 ΙΙ
874 3888 1162 3960 ἀνθρώποις
1186 3890 1224 3943 d
1265 3895 1286 3956 ΙΙ
1330 3893 1379 3943 6.
1408 3895 1561 3944 τοῦτο
1586 3889 1672 3944 R:
1699 3891 1884 3944 τούτωι
1908 3891 2054 3955 ΑΘΖ,
2083 3890 2247 3942 τούτω
2274 3889 2421 3944 BPd

206 3955 249 4004 ἶ.
273 3954 302 4006 λ
362 3976 418 4010 ου
444 3957 501 4010 δὲ
524 3957 694 4011 τοιοῦδ
741 3957 797 4011 R
844 3961 868 4023 ΙΙ
916 3960 965 4011 8.
995 3957 1365 4028 ἀπολλυμένων
1390 3959 1428 4011 d
1470 3962 1492 4024 ΙΙ
1549 3963 1598 4014 9.
1628 3959 1747 4012 τάδε
1779 3957 1827 4012 C'
1870 3963 1891 4024 ΙΙ
1942 3960 2023 4011 10.
2055 3959 2234 4029 ὁμοῖος
2264 3958 2418 4012 0sz

208 4023 279 4073 11.
316 4025 518 4099 Ευγχέαι
549 4027 628 4082 od
680 4029 702 4092 ΙΙ
761 4026 924 4080 πάντα
949 4027 987 4079 d
1039 4030 1061 4092 ΙΙ
1122 4028 1200 4078 12.
1245 4027 1638 4087 ἀποκτείναντας
1671 4028 1824 4082 PRz.
1864 4028 2097 4093 (Eunt.)=
2139 4026 2472 4081 ἀποκτείνον-

205 4107 285 4149 τας
326 4095 348 4158 ss
391 4095 601 4148 κείνοισι
624 4112 651 4148 ε
708 4097 731 4161 u
785 4098 862 4148 13.
906 4094 1025 4149 οὐδὲ
1047 4096 1226 4151 ΑΒᾱε
1266 4094 1380 4151 οὐδ’
1430 4100 1451 4164 ΙΙ
1499 4096 1983 4156 ἀνταποκτείναντας
2010 4095 2063 4148 R
2110 4099 2131 4161 ΙΙ
2187 4097 2264 4147 15.
2308 4112 2472 4166 σπαρ-

207 4162 401 4229 τιητέων
424 4163 825 4232 λακεδαιμονίων
853 4165 909 4217 R
955 4166 977 4230 ΙΙ
1023 4166 1083 4218 τὸ
1107 4165 1395 4234 παραυτίκα
1416 4184 1473 4219 ει
1509 4171 1602 4219 τοῦ
1627 4165 1912 4237 παραυτίκα
1979 4169 2002 4232 ΙΙ
2073 4167 2152 4217 16.
2193 4164 2246 4217 ἐν
2273 4165 2475 4353 emim-7}

212 4227 261 4280 R
322 4233 344 4294 ΙΙ
413 4233 495 4285 18.
536 4232 1003 4303 πελοπονησίωνΙί
1072 4236 1094 4298 ΙΙ
1162 4251 1217 4287 τε
1241 4234 1380 4288 ml?
1438 4238 1461 4301 11
1539 4236 1618 4286 19.
1657 4234 1848 4293 τοῑςΙέ
1906 4238 1929 4298 Η
1992 4235 2075 4287 21.
2116 4226 2409 4286 οὐδ’ΛΒᾱ

212 4301 347 4415 {affl
369 4302 475 4355 AB
522 4303 545 4365 ΙΙ
593 4299 744 4354 οὕτω.
798 4302 823 4353 ἐ
865 4302 1005 4372 &peto
1032 4300 1087 4354 δὲ
1111 4304 1337 4366 ΑΒΟά,
1369 4303 1423 4357 ἐν
1448 4302 1643 4366 ἄλλοις,
1670 4306 1728 4357 τὸ
1755 4304 1949 4356 δίκαιον
1975 4301 2125 4356 οὕτω.
2178 4302 2204 4355 ἑ
2246 4300 2391 4372 ίρετο

335 4370 357 4432 ΙΙ
400 4370 481 4422 22.
513 4368 785 4438 ξυμπεσεῖν
859 4372 896 4424 d
941 4374 962 4436 ΙΙ
1009 4372 1229 4425 τουτέων
1254 4389 1280 4423 z
1327 4374 1349 4436 ΙΙ
1398 4374 1481 4424 23.
1513 4371 1782 4443 βασιλῆαπ
1823 4374 1845 4436 ΙΙ
1887 4373 1970 4423 2⁴.
2002 4373 2072 4431 ὡς
2097 4389 2123 4423 z
2159 4375 2180 4436 ΙΙ
2253 4374 2301 4423 5.
2330 4370 2472 4435 τοὺς]

214 4437 389 4495 τετοὺς
411 4437 610 4492 ABc'd
651 4442 673 4503 ss
721 4438 904 4510 πλήρει
926 4439 1049 4501 ΑΒ,
1081 4440 1255 4512 πλήρη
1286 4441 1342 4494 R
