3059 5125
1038 345 1124 354 —
1211 310 1281 372 H
1368 346 1457 356 —
2273 314 2392 375 159

122 480 272 553 ἐλᾶν
314 484 599 579 στρατὸν
641 480 751 554 διὰ
786 460 1293 580 τῆςἘύρώπης
1331 483 1402 563 ἐς
1436 488 1562 581 τὴν
1590 472 1925 555 <Ελλάδα.
2015 486 2122 554 καὶ
2160 484 2246 580 δὴ
2284 487 2394 556 καὶ

120 602 467 697 συνήνεικέ
525 624 598 671 σε
652 602 807 698 ἤτοι
860 601 1029 673 κατὰ
1080 609 1205 700 γῆν
1256 602 1299 699 ἢ
1344 604 1450 675 καὶ
1487 599 1654 673 κατὰ
1689 601 2036 675 θάλασσαν
2077 602 2393 702 ἑσσωθῆ-

118 743 251 806 ναι,
303 720 350 815 ἦ
407 721 516 790 καὶ
579 712 723 791 κατ’
782 716 1169 819 ἀμφότερα·
1275 723 1337 792 οἱ
1393 720 1521 819 γὰρ
1589 721 1825 819 ἄνδρες
1867 721 2176 817 λέγονται
2227 721 2395 794 εἶναι

121 836 425 930 ἄλκιμοι,
470 837 750 935 πάρεστι
788 837 863 910 δὲ
901 841 1011 911 καὶ
1043 839 1622 933 σταθμώσασθαι,
1674 841 1731 912 εἰ
1777 842 2092 937 στρατιήν
2150 866 2226 937 γε
2278 866 2391 911 το·-

87 1004 93 1023 .
124 958 373 1054 σαύτην
430 959 549 1029 σὺν
587 954 752 1029 Δάτι
800 961 910 1028 καὶ
938 947 1389 1056 Ἀρταφρένεϊ
1439 957 1771 1033 ἐλθοῦσαν
1808 958 1878 1039 ἐς
1912 961 2032 1056 τὴν
2070 949 2391 1057 Ἀττικὴν

122 1080 348 1173 χώρην
406 1082 644 1169 μοῦνοι
685 1064 1055 1173 Ἀθηναῖοι
1102 1076 1509 1175 διέφθειραν.
1602 1076 1817 1148 οὔκων
1877 1075 2236 1177 ἀμφοτέρῃ
2275 1103 2393 1174 σφι

123 1196 461 1294 ἐχώρησε·
568 1185 718 1267 ἀλλ’
793 1194 878 1292 ἢν
934 1197 1091 1293 τῇσι
1151 1197 1351 1293 νηυσὶ
1414 1195 1767 1295 ἐμβάλωσι
1830 1200 1942 1267 καὶ
2003 1201 2395 1294 νικήσαντες

121 1319 456 1411 ναυμαχίῃ
519 1312 782 1385 πλέωσι
836 1313 908 1394 ἐς
958 1318 1068 1385 τὸν
1111 1303 1629 1411 “Ελλήσποντον
1685 1317 1796 1385 καὶ
1853 1314 2085 1387 ἔπειτα
2138 1316 2394 1388 λύσωσι

123 1437 233 1530 τὴν
270 1433 609 1531 γέφυραν,
670 1438 869 1504 τοῦτο
924 1435 1009 1530 δὴ
1063 1432 1339 1533 βασιλεῦ
1378 1437 1624 1530 γίνεται
1663 1434 1895 1505 δεινόν.
1987 1434 2122 1530 ἐγὼ
2160 1432 2236 1505 δὲ
2274 1434 2393 1505 οὐ-

87 1553 313 1650 ιδεμιῇ
356 1557 571 1650 σοφίῃ
608 1553 837 1649 οἰκηίῃ
879 1552 1079 1632 αὐτὸς
1112 1557 1322 1623 ταῦτα
1350 1551 1850 1650 συμβάλλομαι,
1887 1546 2024 1623 ἀλλ’
2072 1551 2215 1624 οἷὰν
2243 1578 2394 1624 κοτε

126 1670 334 1767 ἡμέας
397 1671 628 1767 ὀλίγου
693 1671 934 1768 ἐδέησε
1008 1670 1411 1769 καταλαβεῖν
1475 1671 1736 1759 πάθος,
1807 1672 1918 1742 ὅτε
1980 1675 2205 1769 πατὴρ
2279 1674 2397 1751 σὸς

128 1789 348 1871 ζεύξας
415 1786 778 1887 Βόσπορον
853 1791 963 1859 τὸν
1037 1786 1395 1887 Θρηίκιον,
1480 1793 1878 1886 γεφυρώσας
1951 1787 2024 1860 δὲ
2092 1792 2393 1883 ποταμὸν

115 1901 365 2005 Ἴστρον
417 1907 615 2008 διέβη
670 1908 781 1979 ἐπὶ
834 1907 1120 1987 Σκύθας.
1208 1910 1360 1980 τότε
1409 1910 1713 1979 παντοῖοι
1772 1907 2080 2004 ἐγένοντο
2142 1908 2396 1979 Σκύθαι

131 2026 424 2120 δεόμενοι
452 2017 707 2098 Ἰώνων
748 2027 945 2098 λῦσαι
994 2028 1106 2097 τὸν
1156 2030 1400 2123 πόρον,
1460 2028 1634 2098 τοῖσι
1682 2026 2134 2124 ἐπετέτραπτο
2181 2028 2227 2123 ἡ
2267 2052 2395 2123 φυ-

87 2160 103 2208 s
134 2144 291 2241 λακὴ
326 2152 463 2215 τῶν
501 2144 848 2241 γεφυρέων
887 2150 1007 2216 τοῦ
1030 2132 1317 2242 Ἴστρου.
1395 2146 1507 2215 καὶ
1547 2147 1696 2216 τότε
1731 2171 1806 2241 γε
1835 2134 2149 2225 Ἱστιαῖος
2185 2146 2219 2215 ὁ
2259 2140 2395 2215 Μι-

134 2262 328 2359 λήτου
365 2266 690 2363 τύραννος
739 2263 796 2333 εἰ
854 2263 1184 2336 ἐπέσπετο
1220 2270 1354 2333 τῶν
1393 2263 1618 2334 ἄλλων
1657 2263 1996 2361 τυράννων
2032 2266 2118 2361 τῇ
2156 2267 2392 2360 γνώμῃ

137 2382 298 2479 μηδὲ
336 2381 764 2480 ἠναντιώθη,
808 2382 1158 2478 διέργαστο
1194 2378 1274 2452 ἂν
1313 2380 1397 2452 τὰ
1436 2379 1753 2479 Περσέων
1787 2385 2174 2480 πρήγματα.
2251 2386 2397 2452 καί-

134 2524 222 2572 τοι
258 2504 364 2573 καὶ
400 2501 589 2597 λόγῳ
624 2497 907 2573 ἀκοῦσαι
944 2501 1185 2588 δεινόν,
1223 2492 1332 2571 ἐπ’
1378 2498 1571 2599 ἀνδρί
1626 2527 1701 2597 γε
1753 2500 1850 2574 ἑνὶ
1898 2502 2114 2573 πάντα
2151 2500 2233 2573 τὰ
2271 2500 2398 2601 βα·-

136 2619 342 2700 σιλέος
392 2624 767 2718 πρήγματα
817 2618 1240 2718 γεγενῆσθαι.
1334 2620 1415 2690 σὺ
1470 2618 1566 2689 ὧν
1626 2625 1721 2717 μὴ
1779 2620 2100 2719 βουλεύεο
2154 2621 2223 2701 ές
2260 2624 2397 2690 κίν-

87 2735 311 2808 ῠδυνον
351 2737 618 2835 μηδένα
665 2742 959 2808 τοιοῦτον
997 2734 1359 2809 ἀπικέσθαι
1406 2739 1747 2838 μηδεμιῆς
1791 2737 2088 2835 ἀνάγκης
2125 2739 2396 2836 ἐούσης,

137 2851 292 2928 ἀλλα
338 2856 496 2948 ἐμοὶ
546 2856 802 2927 πείθευ.
902 2861 1020 2925 νῦν
1074 2853 1193 2948 μὲν
1251 2858 1365 2927 τὸν
1417 2855 1741 2954 σύλλογον
1797 2859 1989 2929 τόνδε
2045 2857 2394 2928 διάλυσον·

138 2974 303 3055 αὖτίς
334 3000 413 3046 τε
449 2974 609 3045 ὅταν
656 3000 759 3046 τοι
808 2974 1049 3070 δοκέῃ,
1100 2975 1657 3071 προσκεψάμενος
1700 2975 1810 3046 ἐπὶ
1847 2979 2143 3047 σεωυτοῦ
2180 2999 2396 3070 προα-

137 3094 348 3188 γόριυε
402 3094 488 3165 τά
533 3117 635 3163 τοι
690 3091 907 3164 δοκέει
955 3091 1125 3164 εἶναι
1174 3091 1436 3190 ἄριστα.
1521 3096 1599 3165 τὸ
1649 3092 1777 3190 γὰρ
1824 3093 1899 3164 εὖ
1953 3091 2398 3192 βουλεύεσθαι

141 3208 352 3305 κέρδος
408 3213 719 3307 μέγιστον
775 3210 1061 3308 εὑρίσκω
1116 3210 1262 3282 έόν·
1353 3213 1410 3283 εἰ
1468 3211 1596 3309 γὰρ
1648 3215 1756 3281 καὶ
1809 3209 2298 3308 ἐναντιωθῆναί
2337 3235 2398 3280 τι

88 3345 115 3394 ο
139 3325 329 3417 θέλει,
368 3329 813 3430 βεβούλευται
850 3327 977 3421 μὲν
1010 3327 1207 3399 οὐδὲν
1242 3329 1454 3428 ἧσσον
1502 3330 1577 3400 εὖ
1599 3386 1618 3416 ,
1672 3328 1964 3401 ἕσσωται
2000 3329 2074 3400 δὲ
2113 3329 2243 3399 ὑπὸ
2275 3338 2400 3429 τῆς

326 3618 413 3670 25.
441 3645 471 3655 ·
496 3633 551 3686 p.
585 3618 702 3680 160,
733 3617 763 3667 3
799 3611 1126 3668 Eusta'thius
1149 3614 1216 3668 11.
1244 3632 1298 3685 p.
1336 3617 1431 3666 173

180 3752 277 3818 ,1.
317 3753 381 3822 δὴ
405 3754 512 3819 καὶ]
545 3752 610 3823 δὴ
637 3770 663 3804 z
730 3755 752 3818 ΙΙ
832 3751 881 3803 2.
924 3750 1185 3821 ξυνήνεικε
1215 3750 1294 3805 od
1359 3754 1382 3815 ΙΙ
1454 3768 1506 3802 σε
1534 3749 1782 3820 supplevi
1852 3752 1874 3814 ΙΙ
1944 3750 2077 3818 ἤτοι]
2107 3750 2143 3820 ἢ
2168 3751 2256 3802 καὶ
2313 3769 2340 3802 z
2385 3750 2405 3818 ΙΙ

146 3814 293 3883 hom.
320 3823 397 3876 B¹
448 3823 472 3886 ΙΙ
522 3825 570 3872 5.
613 3821 697 3883 ξὺν
731 3821 809 3875 Col
850 3823 873 3884 ΙΙ
922 3820 1033 3873 δᾰτι
1063 3820 1112 3875 0
1151 3822 1172 3884 ΙΙ
1213 3838 1268 3872 τε
1292 3823 1381 3871 καὶ
1406 3819 1592 3873 Naber
1639 3822 1661 3884 ΙΙ
1708 3817 1998 3890 άρταφέρνη
2022 3818 2075 3883 d,
2104 3818 2268 3890 ἀρταφ
2301 3823 2404 3889 ρνεϊ

147 3902 190 3935 82
235 3890 256 3953 ΙῙ
300 3891 347 3942 6.
378 3888 644 3960 ἀθηναίων
678 3887 757 3943 Cd
803 3891 826 3954 ΙΙ
874 3889 907 3941 ἀ
949 3888 1216 3960 φοτέρησιν
1241 3888 1501 3961 ἐχώρησεν
1531 3888 1615 3950 R,
1656 3886 1972 4009 ἀμφοτέρέσι
1997 3887 2264 3958 ἐγώρησαν
2288 3904 2341 3940 ⁸2

154 3954 221 4005 10.
254 3963 405 4012 ταῦτα
580 3956 805 4026 ἅλλομαι
837 3909 947 4020 0ιὲ
995 3955 1356 4026 συμβάλλομαι
1389 3960 1550 4009 ταῦτα
1573 3973 1599 4007 z
1671 3959 1693 4021 u
1767 3956 1847 4005 11.
1944 3956 2028 4014 σὸς
2045 3948 2340 4009 Bekkerus

157 4023 309 4078 12.τὸν
333 4045 441 4083 om.
467 4026 517 4079 C
608 4027 839 4096 θρήικιον
854 4027 926 4088 Α,
955 4024 1191 4095 θρήῖκιον
1209 4027 1283 4090 Β,
1310 4024 1525 4094 θρήκιον
1553 4023 1609 4076 R
1642 4026 1665 4089 ΙΙ
1707 4026 1784 4076 13.
1804 4023 2095 4094 ὸγίνοντοΒ
2130 4027 2153 4088 ΙΙ
2192 4024 2270 4074 14.
2290 4023 2405 4076 ἐπι-

149 4089 366 4161 τέτραπτο
388 4094 596 4150 ABGd
638 4099 660 4159 Ι]
710 4097 792 4147 15.
830 4114 889 4165 γε
914 4111 1021 4146 om.
1052 4093 1108 4144 R
1159 4096 1182 4158 ΙΙ
1243 4093 1448 4151 ιστίαιος
1472 4094 1601 4157 ΑΒ,
1643 4092 1849 4151 ἱστίαιος
1880 4091 1957 4147 od
2013 4095 2035 4158 u
2087 4093 2167 4144 16.
2208 4092 2254 4143 εἰ
2278 4100 2405 4145 ante

147 4153 354 4216 Ἱστιαῖος
369 4165 569 4219 ΑΒΟᾱ
599 4166 622 4228 ΙΙ
658 4163 875 4216 ἐπέπατο
899 4163 937 4215 d
1028 4164 1110 4213 17.
1128 4160 1361 4232 ἠντιώθη
1387 4161 1525 4214 PRz
1560 4163 1583 4225 11
1618 4160 1894 4231 διείργαστο
1917 4159 1976 4212 R
2011 4164 2033 4225 ΙΙ
2076 4161 2156 4212 19.
2172 4158 2406 4230 γενέσθαι

155 4223 261 4282 PRt
324 4235 347 4297 n
414 4231 604 4318 βούλευ
633 4233 699 4296 Ρ,
729 4230 939 4300 βούλευε
1024 4268 1036 4291 ,
1113 4228 1327 4283 ουλεύου
1350 4246 1378 4280 z
1447 4232 1469 4294 ΙΙ
1539 4231 1622 4280 20.
1661 4228 1901 4282 τοιούτων
1928 4229 1985 4282 R
2053 4230 2076 4292 ΙΙ
2148 4230 2233 4280 21.
2272 4227 2408 4280 ἀλλὰ

154 4297 424 4352 ΑΒᾶιάλλ
484 4303 508 4366 ss
556 4298 876 4353 πείθεοΡΙίε
921 4303 945 4365 ΙΙ
991 4298 1048 4359 ξύ
1117 4300 1290 4370 ογονᾶ
1333 4300 1356 4362 11
1400 4296 1632 4350 τῶνδεΙέ
1675 4299 1698 4362 ΙΙ
1745 4295 1982 4355 22.αὗτις
2003 4296 2060 4348 δὲ
2086 4295 2356 4349 ὅτ’άνΑΒ
2387 4295 2409 4364 ΙΙ

156 4359 501 4491 ῧπῆιΑρΒΞΟ,
543 4368 675 4438 born
707 4369 773 4430 d,
816 4367 1035 4422 δοκέειε
1112 4371 1135 4433 ΙΙ
1222 4368 1307 4419 24.
1348 4366 1450 4432 ἐόν]
1482 4366 1566 4418 σόν
1596 4366 1654 4418 R
1718 4368 1741 4431 ΙΙ
1808 4368 1872 4431 τι]
1901 4382 2030 4417 ‘rotz
2098 4367 2122 4430 ΙΙ
2191 4366 2276 4416 25.
2318 4361 2406 4417 ἔσ-

157 4444 299 4488 σονται
360 4455 451 4509 pr.
2230 4488 2234 4491 .

2424 1442 2477 1523 γ)
