3059 5125
790 293 1180 357 -Δ-
2003 289 2128 353 379

0 496 43 547 ea
82 469 427 563 ἐπιτιμῶν.
520 472 759 540 τούτου
797 469 872 540 δὲ
909 474 1026 540 τοῦ
1063 467 1453 549 Σατάσπεος
1495 468 1825 565 εὐνοῦχος
1862 464 2123 565 ἀπέδρη

0 586 208 682 Σάμον,
265 589 484 662 ἐπείτε
532 588 820 662 ἐπύθετο
872 590 1160 687 τάχιστα
1209 591 1321 659 τὸν
1363 588 1696 661 δεσπότεα
1733 585 2125 683 τετελευτη-

0 735 36 789 ι,
90 707 272 805 ἔχων
320 713 647 808 χρήματα
698 708 976 807 μεγάλα,
1032 706 1113 781 τὰ
1147 707 1402 803 Σάμιος
1438 705 1613 806 ἀνὴρ
1651 707 1955 805 κατέσχε,
2009 712 2127 777 τοῦ

0 828 296 923 πτάμενος
331 830 407 900 τὸ
443 826 700 923 οὕνομα
737 827 908 901 ἑκὼν
948 827 1385 928 ἐπιλήθομαι.

0 945 141 1049 Τῆς
178 946 252 1020 δὲ
277 938 526 1048 Ἀσίης
561 947 643 1021 τὰ
688 946 913 1024 πολλὰ
970 946 1100 1020 ὑπὸ
1135 945 1421 1048 Δαρείου
1455 947 1800 1046 ἐξευρέθη,
1855 945 1929 1028 ὃς
1964 947 2126 1049 βου-
2153 941 2269 1019 44'

0 1094 137 1150 ινος
164 1062 378 1141 Ἰνδὸν
413 1072 737 1164 ποταμόν,
781 1070 855 1150 ὃς
891 1068 1351 1166 κροκοδείλους
1399 1069 1710 1166 δεύτερος
1757 1067 1953 1149 οὗτος
1999 1093 2127 1139 πο-

0 1195 88 1260 ὧν
120 1187 392 1261 πάντων
428 1189 817 1288 παρέχεται,
861 1193 1092 1262 τοῦτον
1130 1190 1244 1260 τὸν
1290 1187 1595 1282 ποταμὸν
1648 1186 1895 1259 εἰδέναι
1931 1189 2019 1284 τῇ
2061 1186 2132 1267 ές

0 1332 205 1381 ισσαν
243 1307 512 1391 ἐκδιδοῖ,
569 1306 820 1403 πέμπει
875 1307 1170 1380 πλοίοισι
1218 1305 1470 1389 ἄλλους
1512 1332 1585 1379 τε
1620 1307 1793 1380 τοῖσι
1829 1305 2131 1379 ἐπίστευε

9 1426 351 1527 ἀληθείην
389 1427 599 1527 ἐρέειν
653 1430 764 1500 καὶ
815 1429 903 1528 δὴ
955 1430 1064 1501 καὶ
1098 1423 1417 1500 Σκύλακα
1452 1424 1664 1526 ἄνδρα
1707 1423 2126 1526 Καρυανδέα.

0 1545 30 1619 ὲ
65 1546 483 1647 ὁρμηθέντες
517 1547 592 1621 ἐκ
629 1546 1088 1648 Κασπατύρου
1133 1573 1207 1621 τε
1239 1547 1475 1628 πόλιος
1529 1549 1639 1620 καὶ
1677 1553 1802 1647 τῆς
1839 1544 2131 1620 Πακτυϊ-

28 1677 161 1770 γῆς
208 1666 451 1740 ἔπλεον
502 1666 668 1742 κατὰ
713 1673 1021 1764 ποταμὸν
1067 1670 1237 1767 πρὸς
1286 1668 1398 1766 ἠῶ
1437 1692 1508 1739 τε
1563 1669 1672 1740 καὶ
1722 1667 1923 1766 ἡλίου
1969 1665 2132 1741 ἀνα-

0 1792 61 1870 ὶς
92 1788 165 1869 ές
197 1787 568 1871 θάλασσαν,
612 1788 721 1863 διὰ
755 1787 1116 1888 θαλάσσης
1165 1786 1242 1860 δὲ
1281 1790 1449 1887 πρὸς
1487 1787 1785 1886 ἑσπέρην
1817 1785 2137 1867 πλέοντες

0 1909 240 2007 ,κοστῷ
289 1913 451 2006 μηνὶ
504 1906 930 1982 ἀπικνέονται
991 1909 1062 1990 ἐς
1115 1912 1354 1982 τοῦτον
1411 1911 1523 1979 τὸν
1580 1914 1805 2006 χῶρον
1877 1906 2034 1980 ὅθεν
2098 1906 2134 1976 ὁ

0 2032 238 2100 ιπτίων
275 2028 593 2130 βασιλεὺς
625 2030 784 2120 τοὺς
818 2027 1132 2110 Φοίνικας
1175 2029 1331 2109 τοὺς
1378 2029 1705 2128 πρότερον
1760 2025 1915 2101 εἶπα
1963 2024 2133 2099 ἀπέ-
2240 2016 2251 2022 ’

1 2148 80 2221 λε
112 2147 523 2248 περιπλώειν
563 2147 848 2251 Λιβύην.
944 2148 1110 2244 μετὰ
1159 2147 1234 2221 δὲ
1269 2149 1546 2228 τούτους
1580 2147 2136 2247 περιπλώσαντας

0 2269 108 2348 ούς
174 2294 246 2341 τε
318 2267 816 2368 κατεστρέψατο
872 2268 1154 2368 Δαρεῖος
1218 2270 1328 2340 καὶ
1378 2270 1463 2366 τῇ
1526 2266 1851 2366 θαλάσσῃ
1919 2268 2131 2364 ταύτῃ

0 2393 128 2461 ito.
187 2387 368 2460 οὕτω
401 2390 511 2462 καὶ
541 2398 668 2490 τῆς
687 2377 956 2488 Ἀσίης,
990 2386 1171 2486 πλὴν
1204 2386 1289 2460 τὰ
1319 2390 1488 2486 πρὸς
1517 2386 1715 2486 ἥλιον
1745 2384 2130 2485 ἀνίσχοντα.

0 2507 153 2583 ἱλλα
191 2507 561 2608 ἀνεύρηται
597 2510 801 2604 ὅμοια
835 2506 1276 2609 παρεχομένη
1319 2509 1404 2607 τῇ
1444 2505 1693 2610 Λιβύῃ.

2 2618 99 2702 ‘H
139 2628 216 2701 δὲ
254 2626 556 2729 Εὐρώπη
596 2633 764 2728 πρὸς
807 2628 1126 2723 οὐδαμῶν
1163 2632 1419 2728 φανερή
1459 2628 1603 2702 ἐστι
1636 2628 2127 2725 γινωσκομένη,
2161 2636 2243 2697 45

0 2777 15 2823 ε
66 2748 148 2822 τὰ
198 2752 369 2849 πρὸς
422 2748 618 2849 ἥλιον
676 2746 1135 2822 ἀνατέλλοντα
1194 2746 1347 2820 οὔτε
1394 2748 1478 2822 τὰ
1523 2750 1693 2847 πρὸς
1744 2747 2017 2849 βορέην,
2080 2748 2138 2820 εἰ

0 2873 250 2969 ἷρρυτύς
284 2868 425 2942 ἐστι
450 2894 465 2906 ·
507 2871 708 2968 μήκεϊ
742 2866 816 2942 δὲ
846 2872 1240 2967 γινώσκεται
1275 2861 1435 2967 παρ’
1481 2865 1873 2966 ἀμφοτέρας
1908 2863 2136 2966 πάρή*

0 3015 87 3062 ια.
164 2983 309 3062 οὐδ’
357 2987 503 3086 ἔχω
539 2986 1008 3091 συμβαλέσθαι
1045 2976 1158 3061 ἐπ’
1205 2987 1357 3060 ὅτευ
1395 2989 1519 3087 μιῇ
1561 2986 1773 3087 ἐούσῃ
1812 2989 1902 3086 γῇ
1937 2987 2135 3058 οὐνό-

0 3136 43 3182 α
111 3109 432 3209 τριφάσια
503 3109 724 3182 κέεται
789 3107 1179 3202 ἐπωνυμίας
1249 3105 1496 3204 ἔχοντα
1568 3113 1943 3206 γυναικῶν,
2028 3108 2138 3178 καὶ

0 3235 232 3323 ἴσματα
283 3227 464 3328 αὐτῇ
502 3226 746 3310 Νεῖλός
795 3254 869 3301 τε
921 3228 957 3298 ὁ
993 3223 1354 3325 Αἰγύπτιος
1407 3229 1715 3321 ποταμὸς
1767 3226 1971 3325 ἐτέθη
2029 3228 2139 3298 καὶ

0 3377 74 3431 εις
130 3351 166 3421 ὁ
219 3346 497 3446 Κόλχος
556 3349 643 3443 (οἱ
700 3345 774 3420 δὲ
823 3345 1069 3420 Τάναϊν
1122 3349 1426 3440 ποταμὸν
1480 3348 1594 3417 τὸν
1657 3342 1980 3447 Μαιήτην
2032 3350 2139 3418 καὶ

0 3471 213 3570 θμήια
264 3468 347 3541 τὰ
384 3465 733 3567 Κιμμέρια
781 3466 1092 3564 λέγουσι),
1149 3465 1309 3538 οὐδὲ
1356 3472 1490 3536 τῶν
1540 3465 2015 3565 διουρισάντων
2056 3466 2138 3537 τὰ

0 3593 202 3686 ὁματα
247 3588 608 3671 πυθέσθαι,
667 3588 776 3660 καὶ
833 3586 992 3661 ὅθεν
1046 3584 1278 3661 ἔθεντο
1327 3585 1447 3669 τὰς
1495 3585 1903 3681 ἐπωνυμίας.
1996 3586 2133 3685 ἤδη

68 3848 152 3899 22.
194 3838 300 3899 οὐδ’
327 3877 355 3887 -
380 3846 447 3898 26
469 3844 674 3918 λέγουσι
699 3842 999 3913 Procopius
1022 3840 1148 3897 ben.
1182 3841 1346 3896 Goth.
1381 3841 1461 3895 1v
1486 3845 1517 3893 6

8 4026 18 4036 .
58 3983 368 4053 ἐπιλήσομαι
396 3982 501 4039 PR
547 3984 569 4046 11
619 3985 668 4035 6.
712 3981 784 4047 ὃς]
816 3982 886 4040 ὠς
913 3981 970 4033 R
1027 3984 1049 4045 11
1107 3983 1154 4032 7.
1198 3981 1400 4034 πάντων
1428 3990 1671 4049 ποταμῶν
1699 3980 1792 4033 Rsl
1835 3983 1857 4044 11
1912 3983 1961 4031 8.
2003 3981 2140 4033 ἐσδι-

0 4052 27 4103 'l
61 4055 85 4116 11
119 4053 340 4106 πλοίοισι
365 4051 554 4120 πέμπει
583 4052 621 4104 d
659 4053 682 4117 11
725 4053 774 4103 9.
805 4050 1067 4121 άληθηῖην
1091 4068 1117 4101 z
1152 4053 1175 4115 11
1210 4050 1274 4118 δὴ
1301 4050 1407 4112 καὶ1
1438 4050 1502 4118 δὴ
1529 4051 1693 4104 ABG
1729 4052 1751 4114 11
1799 4051 1878 4102 10.
1909 4048 2141 4120 καπύρου

0 4123 290 4193 ιασταπύρου
321 4140 348 4174 z
416 4124 440 4186 11
512 4123 592 4173 11.
632 4122 781 4186 κατὰ]
810 4121 943 4173 κατὰ
962 4121 1049 4172 τὸν
1077 4118 1130 4170 R
1200 4122 1222 4183 11
1298 4121 1377 4170 17.
1420 4118 1583 4176 οὕτως
1607 4121 1785 4182 ABG,
1815 4118 1962 4176 οὗτος
1993 4120 2054 4170 elz
2113 4122 2135 4183 11

0 4191 119 4242 ονΙί
163 4194 186 4256 11
239 4193 315 4243 18.
358 4191 422 4243 τὰ
445 4209 550 4243 om.
582 4189 639 4242 R
684 4192 706 4256 11
753 4191 911 4258 ὁμοῖα
939 4189 1093 4243 0sz
1140 4191 1161 4252 11
1210 4207 1346 4257 παρε·
1377 4189 1568 4257 ομὲνην
1600 4190 1704 4242 Cdz
1760 4190 1783 4253 11
1834 4190 1921 4238 20.
2006 4186 2141 4240 ἐλιον

0 4262 12 4324 1
65 4260 215 4331 βορῆν
239 4263 347 4314 ΑΒ
415 4263 438 4325 11
508 4261 592 4312 2¹.
636 4260 792 4329 μήκει
816 4260 928 4312 ΑΒ
986 4260 1009 4322 11
1070 4261 1152 4309 22.
1195 4258 1313 4309 οὐδὲ
1387 4275 1494 4310 roc.
1561 4258 1582 4321 11
1642 4257 1955 4311 ἐπότευΑΒ
1997 4257 2140 4321 ,ἀπὸ

0 4328 132 4382 Proc.
185 4333 207 4394 11
255 4330 482 4398 ὀνόματα
506 4329 664 4381 Proc.
717 4332 738 4394 11
793 4331 876 4379 23.
917 4332 1081 4380 κεῖται
1105 4329 1235 4390 AB,
1274 4325 1451 4379 κέαται
1475 4326 1634 4379 Proc.
1688 4329 1709 4390 11
1768 4328 1851 4377 24.
1893 4324 2144 4397 ὁρίσματα

0 4415 26 4449 =.
73 4401 96 4463 11
149 4402 228 4451 25.
259 4400 411 4470 φάσις
437 4399 498 4452 elz
544 4400 567 4461 11
616 4399 845 4467 ποταμὸν
870 4398 958 4454 καὶ
982 4394 1213 4455 Μαιῶτιν
1239 4396 1394 4454 Proc.
1447 4397 1469 4464 11
1517 4398 1601 4452 26,
1634 4394 2074 4471 διουρησάντων.ι1
2116 4397 2139 4466 11

0 4466 264 4542 ἐπονυμίας
290 4470 362 4522 ,4¹
411 4470 433 4534 11
479 4466 514 4537 ἦ
542 4468 606 4540 δη
637 4468 686 4524 0
