<?xml version="1.0" encoding="UTF-8"?>
<!DOCTYPE html PUBLIC "-//W3C//DTD XHTML 1.0 Transitional//EN"
    "http://www.w3.org/TR/xhtml1/DTD/xhtml1-transitional.dtd">
<html xmlns="http://www.w3.org/1999/xhtml" xml:lang="en" lang="en">
 <head>
  <title>
</title>
<meta http-equiv="Content-Type" content="text/html;charset=utf-8" />
  <meta name='ocr-system' content='tesseract 3.04.00' />
  <meta name='ocr-capabilities' content='ocr_page ocr_carea ocr_par ocr_line ocrx_word'/>
</head>
<body>
  <div class='ocr_page' id='page_1' title='image "./herodotihistori00unkngoog/herodotihistori00unkngoog_0032.png"; bbox 0 0 3059 5125; ppageno 0'>
   <div class='ocr_carea' id='block_1_1' title="bbox 558 347 1836 413">
    <p class='ocr_par' dir='ltr' id='par_1_1' title="bbox 558 347 1836 413">
     <span class='ocr_line' id='line_1_1' title="bbox 558 347 1836 413; baseline -0.011 0"><span class='ocrx_word' id='word_1_1' title='bbox 558 369 727 413; x_wconf 78' lang='lat' dir='ltr'>XXIV</span> <span class='ocrx_word' id='word_1_2' title='bbox 1546 347 1836 401; x_wconf 75' lang='lat' dir='ltr'>Praefatio.</span> 
     </span>
    </p>
   </div>
   <div class='ocr_carea' id='block_1_2' title="bbox 552 523 2852 2822">
    <p class='ocr_par' dir='ltr' id='par_1_2' title="bbox 552 523 2852 2822">
     <span class='ocr_line' id='line_1_2' title="bbox 561 523 2852 620; baseline 0 -23"><span class='ocrx_word' id='word_1_3' title='bbox 561 524 887 620; x_wconf 80' lang='lat' dir='ltr'><strong>aliquam</strong></span> <span class='ocrx_word' id='word_1_4' title='bbox 925 526 1019 596; x_wconf 93' lang='lat' dir='ltr'>ob</span> <span class='ocrx_word' id='word_1_5' title='bbox 1056 548 1350 597; x_wconf 87' lang='lat' dir='ltr'>causam</span> <span class='ocrx_word' id='word_1_6' title='bbox 1400 523 1864 597; x_wconf 83' lang='lat' dir='ltr'>emendabile</span> <span class='ocrx_word' id='word_1_7' title='bbox 1915 525 2305 597; x_wconf 89' lang='lat' dir='ltr'>iudicaret:</span> <span class='ocrx_word' id='word_1_8' title='bbox 2373 527 2610 598; x_wconf 87' lang='lat' dir='ltr'>omnis</span> <span class='ocrx_word' id='word_1_9' title='bbox 2647 526 2852 598; x_wconf 82' lang='lat' dir='ltr'>haec</span> 
     </span>
     <span class='ocr_line' id='line_1_3' title="bbox 561 652 2844 752; baseline -0 -26"><span class='ocrx_word' id='word_1_10' title='bbox 561 678 749 750; x_wconf 89' lang='lat' dir='ltr'>quae</span> <span class='ocrx_word' id='word_1_11' title='bbox 787 655 865 727; x_wconf 93' lang='lat' dir='ltr'>in</span> <span class='ocrx_word' id='word_1_12' title='bbox 908 655 974 726; x_wconf 80' lang='lat' dir='ltr'><em>O</em></span> <span class='ocrx_word' id='word_1_13' title='bbox 1006 661 1313 748; x_wconf 85' lang='lat' dir='ltr'>apparet</span> <span class='ocrx_word' id='word_1_14' title='bbox 1347 652 1708 752; x_wconf 77' lang='grc' dir='ltr'>διόρθωσις</span> <span class='ocrx_word' id='word_1_15' title='bbox 1756 679 1798 726; x_wconf 92' lang='grc'>6</span> <span class='ocrx_word' id='word_1_16' title='bbox 1846 678 2115 750; x_wconf 87' lang='lat' dir='ltr'>genere</span> <span class='ocrx_word' id='word_1_17' title='bbox 2166 654 2640 727; x_wconf 88' lang='lat' dir='ltr'>coniecturali</span> <span class='ocrx_word' id='word_1_18' title='bbox 2691 665 2844 728; x_wconf 88' lang='lat' dir='ltr'>est.</span> 
     </span>
     <span class='ocr_line' id='line_1_4' title="bbox 561 782 2849 880; baseline 0 -25"><span class='ocrx_word' id='word_1_19' title='bbox 561 809 708 879; x_wconf 93' lang='lat' dir='ltr'>quo</span> <span class='ocrx_word' id='word_1_20' title='bbox 756 808 918 857; x_wconf 92' lang='lat' dir='ltr'>eam</span> <span class='ocrx_word' id='word_1_21' title='bbox 970 783 1099 879; x_wconf 90' lang='lat' dir='ltr'>qui</span> <span class='ocrx_word' id='word_1_22' title='bbox 1150 783 1478 855; x_wconf 90' lang='lat' dir='ltr'>instituit</span> <span class='ocrx_word' id='word_1_23' title='bbox 1526 782 1816 855; x_wconf 87' lang='lat' dir='ltr'>saeculo</span> <span class='ocrx_word' id='word_1_24' title='bbox 1866 784 2160 871; x_wconf 87' lang='lat' dir='ltr'>vixerit,</span> <span class='ocrx_word' id='word_1_25' title='bbox 2220 807 2372 856; x_wconf 89' lang='lat' dir='ltr'>non</span> <span class='ocrx_word' id='word_1_26' title='bbox 2421 785 2653 880; x_wconf 89' lang='lat' dir='ltr'>magis</span> <span class='ocrx_word' id='word_1_27' title='bbox 2701 810 2849 858; x_wconf 85' lang='lat' dir='ltr'>ex-</span> 
     </span>
     <span class='ocr_line' id='line_1_5' title="bbox 561 912 2847 1009; baseline 0.001 -24"><span class='ocrx_word' id='word_1_28' title='bbox 561 912 831 1008; x_wconf 90' lang='lat' dir='ltr'>plorari</span> <span class='ocrx_word' id='word_1_29' title='bbox 858 921 1125 1008; x_wconf 89' lang='lat' dir='ltr'>potest,</span> <span class='ocrx_word' id='word_1_30' title='bbox 1156 937 1377 1008; x_wconf 90' lang='lat' dir='ltr'>quam</span> <span class='ocrx_word' id='word_1_31' title='bbox 1414 913 1689 1009; x_wconf 85' lang='lat' dir='ltr'>quibus</span> <span class='ocrx_word' id='word_1_32' title='bbox 1725 913 1883 985; x_wconf 88' lang='lat' dir='ltr'>eius</span> <span class='ocrx_word' id='word_1_33' title='bbox 1919 922 2333 987; x_wconf 90' lang='lat' dir='ltr'>commenta</span> <span class='ocrx_word' id='word_1_34' title='bbox 2368 915 2509 986; x_wconf 89' lang='lat' dir='ltr'>viis</span> <span class='ocrx_word' id='word_1_35' title='bbox 2545 939 2633 986; x_wconf 91' lang='lat' dir='ltr'>ac</span> <span class='ocrx_word' id='word_1_36' title='bbox 2667 922 2847 987; x_wconf 86' lang='lat' dir='ltr'>tan-</span> 
     </span>
     <span class='ocr_line' id='line_1_6' title="bbox 560 1041 2846 1139; baseline 0 -23"><span class='ocrx_word' id='word_1_37' title='bbox 560 1068 780 1138; x_wconf 86' lang='lat' dir='ltr'><strong>quam</strong></span> <span class='ocrx_word' id='word_1_38' title='bbox 832 1041 1093 1116; x_wconf 86' lang='lat' dir='ltr'>rivulis</span> <span class='ocrx_word' id='word_1_39' title='bbox 1143 1043 1224 1115; x_wconf 90' lang='lat' dir='ltr'>in</span> <span class='ocrx_word' id='word_1_40' title='bbox 1277 1043 1567 1115; x_wconf 87' lang='lat' dir='ltr'>diversa</span> <span class='ocrx_word' id='word_1_41' title='bbox 1619 1042 2073 1137; x_wconf 85' lang='lat' dir='ltr'>exemplaria</span> <span class='ocrx_word' id='word_1_42' title='bbox 2114 1053 2522 1139; x_wconf 87' lang='lat' dir='ltr'>propagata</span> <span class='ocrx_word' id='word_1_43' title='bbox 2582 1053 2661 1117; x_wconf 91' lang='lat' dir='ltr'>et</span> <span class='ocrx_word' id='word_1_44' title='bbox 2722 1044 2846 1116; x_wconf 86' lang='lat' dir='ltr'>di-</span> 
     </span>
     <span class='ocr_line' id='line_1_7' title="bbox 557 1171 2845 1268; baseline 0 -24"><span class='ocrx_word' id='word_1_45' title='bbox 557 1195 803 1267; x_wconf 89' lang='lat' dir='ltr'>spersa</span> <span class='ocrx_word' id='word_1_46' title='bbox 852 1171 1020 1245; x_wconf 90' lang='lat' dir='ltr'>sint.</span> <span class='ocrx_word' id='word_1_47' title='bbox 1097 1180 1356 1245; x_wconf 80' lang='lat' dir='ltr'>extant</span> <span class='ocrx_word' id='word_1_48' title='bbox 1403 1180 1650 1245; x_wconf 86' lang='lat' dir='ltr'>autem</span> <span class='ocrx_word' id='word_1_49' title='bbox 1698 1196 1850 1245; x_wconf 92' lang='lat' dir='ltr'>non</span> <span class='ocrx_word' id='word_1_50' title='bbox 1886 1173 1967 1244; x_wconf 91' lang='lat' dir='ltr'>in</span> <span class='ocrx_word' id='word_1_51' title='bbox 2002 1196 2154 1244; x_wconf 90' lang='lat' dir='ltr'>uno</span> <span class='ocrx_word' id='word_1_52' title='bbox 2198 1174 2282 1259; x_wconf 80' lang='lat' dir='ltr'>G,</span> <span class='ocrx_word' id='word_1_53' title='bbox 2334 1174 2461 1245; x_wconf 92' lang='lat' dir='ltr'>sed</span> <span class='ocrx_word' id='word_1_54' title='bbox 2510 1172 2845 1268; x_wconf 85' lang='lat' dir='ltr'>plurima</span> 
     </span>
     <span class='ocr_line' id='line_1_8' title="bbox 556 1299 2846 1397; baseline 0 -23"><span class='ocrx_word' id='word_1_55' title='bbox 556 1301 1007 1374; x_wconf 89' lang='lat' dir='ltr'>transierunt</span> <span class='ocrx_word' id='word_1_56' title='bbox 1054 1301 1134 1372; x_wconf 92' lang='lat' dir='ltr'>in</span> <span class='ocrx_word' id='word_1_57' title='bbox 1169 1326 1339 1375; x_wconf 91' lang='lat' dir='ltr'>eum</span> <span class='ocrx_word' id='word_1_58' title='bbox 1372 1299 1651 1374; x_wconf 89' lang='lat' dir='ltr'>librum</span> <span class='ocrx_word' id='word_1_59' title='bbox 1701 1326 1747 1372; x_wconf 89' lang='lat' dir='ltr'>a</span> <span class='ocrx_word' id='word_1_60' title='bbox 1779 1326 1926 1396; x_wconf 92' lang='lat' dir='ltr'>quo</span> <span class='ocrx_word' id='word_1_61' title='bbox 1966 1301 2045 1374; x_wconf 92' lang='lat' dir='ltr'><strong><em>P</em></strong></span> <span class='ocrx_word' id='word_1_62' title='bbox 2073 1303 2426 1375; x_wconf 89' lang='lat' dir='ltr'>deductus</span> <span class='ocrx_word' id='word_1_63' title='bbox 2479 1310 2615 1387; x_wconf 89' lang='lat' dir='ltr'>est,</span> <span class='ocrx_word' id='word_1_64' title='bbox 2666 1327 2846 1397; x_wconf 90' lang='lat' dir='ltr'>per-</span> 
     </span>
     <span class='ocr_line' id='line_1_9' title="bbox 557 1429 2837 1528; baseline 0.001 -26"><span class='ocrx_word' id='word_1_65' title='bbox 557 1429 791 1503; x_wconf 87' lang='lat' dir='ltr'>multa</span> <span class='ocrx_word' id='word_1_66' title='bbox 824 1431 1048 1503; x_wconf 87' lang='lat' dir='ltr'>etiam</span> <span class='ocrx_word' id='word_1_67' title='bbox 1085 1432 1165 1502; x_wconf 89' lang='lat' dir='ltr'>in</span> <span class='ocrx_word' id='word_1_68' title='bbox 1204 1430 1502 1503; x_wconf 89' lang='lat' dir='ltr'>tertium</span> <span class='ocrx_word' id='word_1_69' title='bbox 1541 1433 1911 1525; x_wconf 90' lang='lat' dir='ltr'>quendam</span> <span class='ocrx_word' id='word_1_70' title='bbox 1950 1429 2105 1528; x_wconf 55' lang='lat' dir='ltr'>(Q),</span> <span class='ocrx_word' id='word_1_71' title='bbox 2160 1433 2358 1504; x_wconf 91' lang='lat' dir='ltr'>unde</span> <span class='ocrx_word' id='word_1_72' title='bbox 2394 1432 2553 1504; x_wconf 87' lang='lat' dir='ltr'>eius</span> <span class='ocrx_word' id='word_1_73' title='bbox 2606 1455 2837 1526; x_wconf 89' lang='lat' dir='ltr'>quem</span> 
     </span>
     <span class='ocr_line' id='line_1_10' title="bbox 556 1559 2837 1654; baseline 0.001 -23"><span class='ocrx_word' id='word_1_74' title='bbox 556 1561 868 1632; x_wconf 82' lang='lat' dir='ltr'><strong>dicimus</strong></span> <span class='ocrx_word' id='word_1_75' title='bbox 884 1559 936 1632; x_wconf 82' lang='lat' dir='ltr'>d</span> <span class='ocrx_word' id='word_1_76' title='bbox 955 1561 1192 1631; x_wconf 90' lang='lat' dir='ltr'>maior</span> <span class='ocrx_word' id='word_1_77' title='bbox 1213 1583 1404 1654; x_wconf 88' lang='lat' dir='ltr'>pars,</span> <span class='ocrx_word' id='word_1_78' title='bbox 1422 1559 1497 1631; x_wconf 90' lang='lat' dir='ltr'>h.</span> <span class='ocrx_word' id='word_1_79' title='bbox 1514 1584 1577 1631; x_wconf 93' lang='lat' dir='ltr'>e.</span> <span class='ocrx_word' id='word_1_80' title='bbox 1599 1560 1774 1632; x_wconf 92' lang='lat' dir='ltr'>inde</span> <span class='ocrx_word' id='word_1_81' title='bbox 1801 1559 1922 1632; x_wconf 88' lang='lat' dir='ltr'>aB</span> <span class='ocrx_word' id='word_1_82' title='bbox 1949 1560 2116 1646; x_wconf 84' lang='lat'><strong>134,</strong></span> <span class='ocrx_word' id='word_1_83' title='bbox 2134 1560 2463 1634; x_wconf 80' lang='lat' dir='ltr'>defluxit:</span> <span class='ocrx_word' id='word_1_84' title='bbox 2496 1570 2582 1634; x_wconf 91' lang='lat' dir='ltr'>ut</span> <span class='ocrx_word' id='word_1_85' title='bbox 2604 1562 2837 1634; x_wconf 88' lang='lat' dir='ltr'>trium</span> 
     </span>
     <span class='ocr_line' id='line_1_11' title="bbox 555 1688 2839 1784; baseline 0.001 -23"><span class='ocrx_word' id='word_1_86' title='bbox 555 1690 818 1761; x_wconf 87' lang='lat' dir='ltr'>horum</span> <span class='ocrx_word' id='word_1_87' title='bbox 836 1690 1166 1762; x_wconf 85' lang='lat' dir='ltr'>codicum</span> <span class='ocrx_word' id='word_1_88' title='bbox 1184 1713 1373 1783; x_wconf 91' lang='lat' dir='ltr'>quae</span> <span class='ocrx_word' id='word_1_89' title='bbox 1398 1713 1598 1761; x_wconf 89' lang='grc'>1111116</span> <span class='ocrx_word' id='word_1_90' title='bbox 1621 1688 1875 1762; x_wconf 84' lang='lat' dir='ltr'>multis</span> <span class='ocrx_word' id='word_1_91' title='bbox 1893 1689 2072 1761; x_wconf 90' lang='lat' dir='ltr'>locis</span> <span class='ocrx_word' id='word_1_92' title='bbox 2090 1698 2395 1784; x_wconf 87' lang='lat' dir='ltr'>apparet</span> <span class='ocrx_word' id='word_1_93' title='bbox 2410 1693 2839 1763; x_wconf 88' lang='lat' dir='ltr'>communio</span> 
     </span>
     <span class='ocr_line' id='line_1_12' title="bbox 556 1817 2841 1915; baseline 0.001 -24"><span class='ocrx_word' id='word_1_94' title='bbox 556 1843 707 1891; x_wconf 90' lang='lat' dir='ltr'>non</span> <span class='ocrx_word' id='word_1_95' title='bbox 744 1819 993 1913; x_wconf 84' lang='lat' dir='ltr'><strong>stirpis</strong></span> <span class='ocrx_word' id='word_1_96' title='bbox 1033 1819 1132 1892; x_wconf 90' lang='lat' dir='ltr'>sit</span> <span class='ocrx_word' id='word_1_97' title='bbox 1168 1843 1411 1915; x_wconf 91' lang='lat' dir='ltr'>neque</span> <span class='ocrx_word' id='word_1_98' title='bbox 1441 1841 1762 1891; x_wconf 89' lang='lat' dir='ltr'>errorum</span> <span class='ocrx_word' id='word_1_99' title='bbox 1795 1821 1922 1892; x_wconf 90' lang='lat' dir='ltr'>sed</span> <span class='ocrx_word' id='word_1_100' title='bbox 1950 1817 2539 1913; x_wconf 83' lang='lat' dir='ltr'>interpolationis</span> <span class='ocrx_word' id='word_1_101' title='bbox 2569 1829 2645 1893; x_wconf 91' lang='lat' dir='ltr'>et</span> <span class='ocrx_word' id='word_1_102' title='bbox 2674 1847 2841 1894; x_wconf 90' lang='lat' dir='ltr'>cor-</span> 
     </span>
     <span class='ocr_line' id='line_1_13' title="bbox 554 1948 2839 2044; baseline 0.002 -24"><span class='ocrx_word' id='word_1_103' title='bbox 554 1948 984 2022; x_wconf 88' lang='lat' dir='ltr'>rectionum.</span> <span class='ocrx_word' id='word_1_104' title='bbox 1052 1950 1142 2021; x_wconf 92' lang='lat' dir='ltr'>de</span> <span class='ocrx_word' id='word_1_105' title='bbox 1169 1949 1452 2044; x_wconf 85' lang='lat' dir='ltr'>origine</span> <span class='ocrx_word' id='word_1_106' title='bbox 1482 1959 1729 2020; x_wconf 89' lang='lat' dir='ltr'>autem</span> <span class='ocrx_word' id='word_1_107' title='bbox 1765 1949 1906 2020; x_wconf 87' lang='lat' dir='ltr'>hoc</span> <span class='ocrx_word' id='word_1_108' title='bbox 1939 1949 2128 2020; x_wconf 90' lang='lat' dir='ltr'>mihi</span> <span class='ocrx_word' id='word_1_109' title='bbox 2163 1949 2520 2042; x_wconf 85' lang='lat' dir='ltr'>dispicere</span> <span class='ocrx_word' id='word_1_110' title='bbox 2551 1950 2839 2038; x_wconf 88' lang='lat' dir='ltr'>videor,</span> 
     </span>
     <span class='ocr_line' id='line_1_14' title="bbox 555 2076 2841 2174; baseline 0.002 -26"><span class='ocrx_word' id='word_1_111' title='bbox 555 2102 857 2149; x_wconf 85' lang='lat' dir='ltr'>manum</span> <span class='ocrx_word' id='word_1_112' title='bbox 909 2076 1387 2150; x_wconf 73' lang='grc' dir='ltr'>διασκιυαστοῢ</span> <span class='ocrx_word' id='word_1_113' title='bbox 1450 2077 1533 2150; x_wconf 86' lang='grc'>111</span> <span class='ocrx_word' id='word_1_114' title='bbox 1584 2101 1670 2151; x_wconf 92' lang='lat' dir='ltr'>eo</span> <span class='ocrx_word' id='word_1_115' title='bbox 1721 2078 1882 2172; x_wconf 86' lang='lat' dir='ltr'>ipso</span> <span class='ocrx_word' id='word_1_116' title='bbox 1931 2077 2124 2150; x_wconf 90' lang='lat' dir='ltr'>libro</span> <span class='ocrx_word' id='word_1_117' title='bbox 2173 2078 2617 2174; x_wconf 84' lang='lat' dir='ltr'>expoliendo</span> <span class='ocrx_word' id='word_1_118' title='bbox 2669 2105 2841 2153; x_wconf 90' lang='lat' dir='ltr'>ver-</span> 
     </span>
     <span class='ocr_line' id='line_1_15' title="bbox 554 2206 2840 2303; baseline 0.001 -23"><span class='ocrx_word' id='word_1_119' title='bbox 554 2216 784 2280; x_wconf 87' lang='lat' dir='ltr'>satam</span> <span class='ocrx_word' id='word_1_120' title='bbox 820 2231 1004 2294; x_wconf 83' lang='lat' dir='ltr'>esse,</span> <span class='ocrx_word' id='word_1_121' title='bbox 1056 2207 1148 2278; x_wconf 88' lang='lat' dir='ltr'>ad</span> <span class='ocrx_word' id='word_1_122' title='bbox 1184 2207 1393 2279; x_wconf 87' lang='lat' dir='ltr'>cuius</span> <span class='ocrx_word' id='word_1_123' title='bbox 1437 2206 1861 2302; x_wconf 87' lang='lat' dir='ltr'>exemplum</span> <span class='ocrx_word' id='word_1_124' title='bbox 1912 2215 2167 2303; x_wconf 83' lang='lat' dir='ltr'>postea</span> <span class='ocrx_word' id='word_1_125' title='bbox 2206 2208 2274 2281; x_wconf 80' lang='lat'><em>0</em></span> <span class='ocrx_word' id='word_1_126' title='bbox 2320 2209 2637 2303; x_wconf 90' lang='lat' dir='ltr'>scriptus</span> <span class='ocrx_word' id='word_1_127' title='bbox 2681 2219 2840 2284; x_wconf 89' lang='lat' dir='ltr'>est:</span> 
     </span>
     <span class='ocr_line' id='line_1_16' title="bbox 553 2334 2844 2433; baseline 0.001 -24"><span class='ocrx_word' id='word_1_128' title='bbox 553 2339 636 2410; x_wconf 92' lang='lat' dir='ltr'>in</span> <span class='ocrx_word' id='word_1_129' title='bbox 672 2359 820 2432; x_wconf 91' lang='lat' dir='ltr'>quo</span> <span class='ocrx_word' id='word_1_130' title='bbox 856 2361 1024 2410; x_wconf 91' lang='lat' dir='ltr'>cum</span> <span class='ocrx_word' id='word_1_131' title='bbox 1058 2334 1381 2432; x_wconf 89' lang='lat' dir='ltr'>plurima</span> <span class='ocrx_word' id='word_1_132' title='bbox 1427 2337 1537 2410; x_wconf 88' lang='lat' dir='ltr'>ita</span> <span class='ocrx_word' id='word_1_133' title='bbox 1568 2335 1912 2433; x_wconf 87' lang='lat' dir='ltr'>legantur</span> <span class='ocrx_word' id='word_1_134' title='bbox 1961 2336 2179 2412; x_wconf 85' lang='lat' dir='ltr'>sicuti</span> <span class='ocrx_word' id='word_1_135' title='bbox 2225 2338 2306 2410; x_wconf 93' lang='lat' dir='ltr'>in</span> <span class='ocrx_word' id='word_1_136' title='bbox 2341 2336 2475 2410; x_wconf 91' lang='lat' dir='ltr'>illo</span> <span class='ocrx_word' id='word_1_137' title='bbox 2511 2350 2844 2412; x_wconf 87' lang='lat' dir='ltr'>correcta</span> 
     </span>
     <span class='ocr_line' id='line_1_17' title="bbox 553 2465 2843 2564; baseline 0.001 -24"><span class='ocrx_word' id='word_1_138' title='bbox 553 2476 785 2553; x_wconf 88' lang='lat' dir='ltr'>erant,</span> <span class='ocrx_word' id='word_1_139' title='bbox 837 2475 1011 2539; x_wconf 91' lang='lat' dir='ltr'>sunt</span> <span class='ocrx_word' id='word_1_140' title='bbox 1046 2475 1294 2539; x_wconf 85' lang='lat' dir='ltr'>tamen</span> <span class='ocrx_word' id='word_1_141' title='bbox 1332 2468 1424 2538; x_wconf 86' lang='lat' dir='ltr'>ad</span> <span class='ocrx_word' id='word_1_142' title='bbox 1460 2491 1650 2564; x_wconf 79' lang='lat' dir='ltr'>quae</span> <span class='ocrx_word' id='word_1_143' title='bbox 1687 2491 1856 2540; x_wconf 90' lang='lat' dir='ltr'>cum</span> <span class='ocrx_word' id='word_1_144' title='bbox 1888 2465 2231 2540; x_wconf 89' lang='lat' dir='ltr'>librarius</span> <span class='ocrx_word' id='word_1_145' title='bbox 2272 2467 2467 2540; x_wconf 81' lang='lat' dir='ltr'>inter</span> <span class='ocrx_word' id='word_1_146' title='bbox 2504 2469 2843 2542; x_wconf 89' lang='lat' dir='ltr'>scriben-</span> 
     </span>
     <span class='ocr_line' id='line_1_18' title="bbox 554 2596 2845 2696; baseline 0.001 -25"><span class='ocrx_word' id='word_1_147' title='bbox 554 2599 729 2671; x_wconf 90' lang='lat' dir='ltr'>dum</span> <span class='ocrx_word' id='word_1_148' title='bbox 781 2621 932 2669; x_wconf 91' lang='lat' dir='ltr'>non</span> <span class='ocrx_word' id='word_1_149' title='bbox 983 2598 1414 2670; x_wconf 83' lang='lat' dir='ltr'>advertisset</span> <span class='ocrx_word' id='word_1_150' title='bbox 1459 2596 1746 2696; x_wconf 80' lang='grc' dir='ltr'>γραφάς,</span> <span class='ocrx_word' id='word_1_151' title='bbox 1796 2598 1879 2669; x_wconf 84' lang='grc'>111</span> <span class='ocrx_word' id='word_1_152' title='bbox 1927 2598 2386 2693; x_wconf 81' lang='lat' dir='ltr'>marginibus</span> <span class='ocrx_word' id='word_1_153' title='bbox 2439 2600 2703 2693; x_wconf 88' lang='lat' dir='ltr'>opinor</span> <span class='ocrx_word' id='word_1_154' title='bbox 2756 2611 2845 2674; x_wconf 86' lang='lat' dir='ltr'>et</span> 
     </span>
     <span class='ocr_line' id='line_1_19' title="bbox 552 2726 2841 2822; baseline 0.001 -23"><span class='ocrx_word' id='word_1_155' title='bbox 552 2728 750 2801; x_wconf 91' lang='lat' dir='ltr'>inter</span> <span class='ocrx_word' id='word_1_156' title='bbox 791 2750 1068 2815; x_wconf 87' lang='lat' dir='ltr'>versus,</span> <span class='ocrx_word' id='word_1_157' title='bbox 1119 2726 1545 2822; x_wconf 85' lang='lat' dir='ltr'>adscriptas,</span> <span class='ocrx_word' id='word_1_158' title='bbox 1599 2729 1984 2821; x_wconf 89' lang='lat' dir='ltr'>postmodo</span> <span class='ocrx_word' id='word_1_159' title='bbox 2031 2726 2331 2822; x_wconf 91' lang='lat' dir='ltr'>repetiit</span> <span class='ocrx_word' id='word_1_160' title='bbox 2379 2750 2604 2822; x_wconf 89' lang='lat' dir='ltr'>supra</span> <span class='ocrx_word' id='word_1_161' title='bbox 2651 2731 2841 2801; x_wconf 89' lang='lat' dir='ltr'>scri-</span> 
     </span>
    </p>
   </div>
   <div class='ocr_carea' id='block_1_3' title="bbox 551 2847 2837 2999">
    <p class='ocr_par' dir='ltr' id='par_1_3' title="bbox 551 2847 2837 2999">
     <span class='ocr_line' id='line_1_20' title="bbox 551 2847 2837 2999; baseline -0.001 -26"><span class='ocrx_word' id='word_1_162' title='bbox 551 2902 812 2974; x_wconf 91' lang='lat' dir='ltr'>bendo.</span> <span class='ocrx_word' id='word_1_163' title='bbox 895 2896 956 2972; x_wconf 93' lang='lat' dir='ltr'><strong>A</strong></span> <span class='ocrx_word' id='word_1_164' title='bbox 995 2899 1144 2973; x_wconf 87' lang='grc'>209</span> <span class='ocrx_word' id='word_1_165' title='bbox 1183 2871 1519 2999; x_wconf 67' lang='grc' dir='ltr'>ἐξῆγέρθη</span> <span class='ocrx_word' id='word_1_166' title='bbox 1559 2901 1644 2986; x_wconf 81' lang='grc' dir='ltr'>Ο,</span> <span class='ocrx_word' id='word_1_167' title='bbox 1682 2896 1999 2998; x_wconf 72' lang='grc' dir='ltr'>ἐξεγέρθη</span> <span class='ocrx_word' id='word_1_168' title='bbox 2046 2898 2137 2972; x_wconf 90' lang='grc' dir='ltr'>Ρ.</span> <span class='ocrx_word' id='word_1_169' title='bbox 2209 2898 2272 2970; x_wconf 96' lang='grc' dir='ltr'>Β</span> <span class='ocrx_word' id='word_1_170' title='bbox 2310 2899 2451 2971; x_wconf 88' lang='grc'>113</span> <span class='ocrx_word' id='word_1_171' title='bbox 2490 2847 2571 2970; x_wconf 55' lang='grc' dir='ltr'>’ἷῗ</span> <span class='ocrx_word' id='word_1_172' title='bbox 2604 2895 2837 2998; x_wconf 85' lang='grc' dir='ltr'>ἀπαρ-</span> 
     </span>
    </p>
   </div>
   <div class='ocr_carea' id='block_1_4' title="bbox 550 3033 2837 3309">
    <p class='ocr_par' dir='ltr' id='par_1_4' title="bbox 550 3033 2837 3309">
     <span class='ocr_line' id='line_1_21' title="bbox 550 3033 2836 3176; baseline -0.002 -29"><span class='ocrx_word' id='word_1_173' title='bbox 550 3083 685 3176; x_wconf 76' lang='grc' dir='ltr'>χῆς</span> <span class='ocrx_word' id='word_1_174' title='bbox 717 3074 801 3160; x_wconf 80' lang='grc' dir='ltr'>Ο,</span> <span class='ocrx_word' id='word_1_175' title='bbox 828 3080 953 3145; x_wconf 82' lang='grc' dir='ltr'>τῶι</span> <span class='ocrx_word' id='word_1_176' title='bbox 981 3060 1100 3145; x_wconf 63' lang='grc' dir='ltr'>ἀτῖ</span> <span class='ocrx_word' id='word_1_177' title='bbox 1124 3067 1343 3173; x_wconf 79' lang='grc' dir='ltr'>ἀρχῆς</span> <span class='ocrx_word' id='word_1_178' title='bbox 1363 3071 1455 3144; x_wconf 92' lang='grc' dir='ltr'>Ρ.</span> <span class='ocrx_word' id='word_1_179' title='bbox 1505 3071 1647 3144; x_wconf 87' lang='grc'>123</span> <span class='ocrx_word' id='word_1_180' title='bbox 1677 3033 1947 3143; x_wconf 49' lang='grc' dir='ltr'>πετετ1νά</span> <span class='ocrx_word' id='word_1_181' title='bbox 1970 3072 2050 3152; x_wconf 81' lang='grc' dir='ltr'>Ο,</span> <span class='ocrx_word' id='word_1_182' title='bbox 2082 3071 2311 3170; x_wconf 80' lang='grc' dir='ltr'><strong>πτηνά</strong></span> <span class='ocrx_word' id='word_1_183' title='bbox 2335 3071 2427 3144; x_wconf 92' lang='grc' dir='ltr'>Ρ.</span> <span class='ocrx_word' id='word_1_184' title='bbox 2468 3073 2664 3151; x_wconf 89' lang='lat' dir='ltr'>idem</span> <span class='ocrx_word' id='word_1_185' title='bbox 2692 3072 2836 3143; x_wconf 89' lang='lat' dir='ltr'>ho-</span> 
     </span>
     <span class='ocr_line' id='line_1_22' title="bbox 551 3197 2837 3309; baseline 0 -33"><span class='ocrx_word' id='word_1_186' title='bbox 551 3228 672 3276; x_wconf 90' lang='lat' dir='ltr'>mo</span> <span class='ocrx_word' id='word_1_187' title='bbox 701 3203 1076 3297; x_wconf 88' lang='lat' dir='ltr'>operarius</span> <span class='ocrx_word' id='word_1_188' title='bbox 1101 3225 1271 3274; x_wconf 88' lang='lat' dir='ltr'>cum</span> <span class='ocrx_word' id='word_1_189' title='bbox 1295 3199 1578 3273; x_wconf 86' lang='lat' dir='ltr'>alicubi</span> <span class='ocrx_word' id='word_1_190' title='bbox 1607 3201 1687 3273; x_wconf 90' lang='lat' dir='ltr'>in</span> <span class='ocrx_word' id='word_1_191' title='bbox 1709 3197 1900 3273; x_wconf 88' lang='lat' dir='ltr'>libro</span> <span class='ocrx_word' id='word_1_192' title='bbox 1925 3199 2055 3272; x_wconf 92' lang='lat' dir='ltr'>illo</span> <span class='ocrx_word' id='word_1_193' title='bbox 2079 3200 2431 3295; x_wconf 90' lang='lat' dir='ltr'>scriptum</span> <span class='ocrx_word' id='word_1_194' title='bbox 2460 3201 2837 3309; x_wconf 85' lang='lat' dir='ltr'>inveniret</span> 
     </span>
    </p>
   </div>
   <div class='ocr_carea' id='block_1_5' title="bbox 551 3335 2836 3473">
    <p class='ocr_par' dir='ltr' id='par_1_5' title="bbox 551 3335 2836 3473">
     <span class='ocr_line' id='line_1_23' title="bbox 551 3335 2836 3473; baseline 0 -26"><span class='ocrx_word' id='word_1_195' title='bbox 551 3337 837 3473; x_wconf 62' lang='grc' dir='ltr'>ἐφοίτῶν</span> <span class='ocrx_word' id='word_1_196' title='bbox 899 3337 1097 3473; x_wconf 67' lang='lat' dir='ltr'>‹1¹›va</span> <span class='ocrx_word' id='word_1_197' title='bbox 1163 3335 1570 3473; x_wconf 45' lang='grc' dir='ltr'>ἐπεηιρώτὶν,</span> <span class='ocrx_word' id='word_1_198' title='bbox 1640 3369 1833 3444; x_wconf 89' lang='lat' dir='ltr'>male</span> <span class='ocrx_word' id='word_1_199' title='bbox 1883 3370 2202 3466; x_wconf 88' lang='lat' dir='ltr'>diligens</span> <span class='ocrx_word' id='word_1_200' title='bbox 2253 3371 2432 3445; x_wconf 83' lang='lat' dir='ltr'>talia</span> <span class='ocrx_word' id='word_1_201' title='bbox 2488 3375 2836 3468; x_wconf 88' lang='lat' dir='ltr'>procudit</span> 
     </span>
    </p>
   </div>
   <div class='ocr_carea' id='block_1_6' title="bbox 543 3497 2834 4635">
    <p class='ocr_par' dir='ltr' id='par_1_6' title="bbox 543 3497 2834 4635">
     <span class='ocr_line' id='line_1_24' title="bbox 549 3497 2826 3600; baseline 0.001 -24"><span class='ocrx_word' id='word_1_202' title='bbox 549 3512 906 3576; x_wconf 88' lang='lat' dir='ltr'>monstra:</span> <span class='ocrx_word' id='word_1_203' title='bbox 963 3500 1286 3600; x_wconf 75' lang='grc' dir='ltr'><strong>ἐφοίτεων</strong></span> <span class='ocrx_word' id='word_1_204' title='bbox 1327 3500 1424 3596; x_wconf 89' lang='grc' dir='ltr'>(Α</span> <span class='ocrx_word' id='word_1_205' title='bbox 1464 3501 1586 3574; x_wconf 82' lang='grc'>96.</span> <span class='ocrx_word' id='word_1_206' title='bbox 1641 3497 1694 3571; x_wconf 92' lang='grc' dir='ltr'>Δ</span> <span class='ocrx_word' id='word_1_207' title='bbox 1741 3502 1801 3573; x_wconf 89' lang='grc'>1.</span> <span class='ocrx_word' id='word_1_208' title='bbox 1856 3502 1897 3573; x_wconf 93' lang='grc' dir='ltr'>Ι</span> <span class='ocrx_word' id='word_1_209' title='bbox 1935 3499 2080 3597; x_wconf 88' lang='grc'>49),</span> <span class='ocrx_word' id='word_1_210' title='bbox 2132 3501 2363 3600; x_wconf 81' lang='grc' dir='ltr'>ὥρεων</span> <span class='ocrx_word' id='word_1_211' title='bbox 2417 3499 2496 3598; x_wconf 88' lang='grc' dir='ltr'>(Δ</span> <span class='ocrx_word' id='word_1_212' title='bbox 2535 3504 2604 3577; x_wconf 90' lang='grc'>3.</span> <span class='ocrx_word' id='word_1_213' title='bbox 2655 3504 2826 3578; x_wconf 87' lang='grc'>134.</span> 
     </span>
     <span class='ocr_line' id='line_1_25' title="bbox 550 3625 2833 3729; baseline 0.001 -24"><span class='ocrx_word' id='word_1_214' title='bbox 550 3630 609 3705; x_wconf 87' lang='lat' dir='ltr'><strong>E</strong></span> <span class='ocrx_word' id='word_1_215' title='bbox 647 3634 768 3707; x_wconf 85' lang='lat'>29.</span> <span class='ocrx_word' id='word_1_216' title='bbox 814 3631 971 3726; x_wconf 76' lang='lat'>91),</span> <span class='ocrx_word' id='word_1_217' title='bbox 1036 3628 1447 3729; x_wconf 77' lang='grc' dir='ltr'>ἐπηρώτεων</span> <span class='ocrx_word' id='word_1_218' title='bbox 1509 3625 1595 3725; x_wconf 87' lang='lat' dir='ltr'>(E</span> <span class='ocrx_word' id='word_1_219' title='bbox 1644 3629 1791 3726; x_wconf 85' lang='lat'>82).</span> <span class='ocrx_word' id='word_1_220' title='bbox 1909 3630 2088 3702; x_wconf 89' lang='lat' dir='ltr'>hinc</span> <span class='ocrx_word' id='word_1_221' title='bbox 2148 3630 2370 3703; x_wconf 88' lang='lat' dir='ltr'>simul</span> <span class='ocrx_word' id='word_1_222' title='bbox 2432 3634 2833 3728; x_wconf 85' lang='lat' dir='ltr'>expeditur</span> 
     </span>
     <span class='ocr_line' id='line_1_26' title="bbox 550 3757 2831 3858; baseline 0.001 -24"><span class='ocrx_word' id='word_1_223' title='bbox 550 3763 745 3858; x_wconf 92' lang='lat' dir='ltr'>quod</span> <span class='ocrx_word' id='word_1_224' title='bbox 780 3762 982 3832; x_wconf 89' lang='lat' dir='ltr'>haud</span> <span class='ocrx_word' id='word_1_225' title='bbox 1018 3784 1255 3855; x_wconf 86' lang='lat' dir='ltr'>pauca</span> <span class='ocrx_word' id='word_1_226' title='bbox 1289 3758 1370 3830; x_wconf 88' lang='lat' dir='ltr'>in</span> <span class='ocrx_word' id='word_1_227' title='bbox 1416 3757 1493 3831; x_wconf 92' lang='lat' dir='ltr'><em>P</em></span> <span class='ocrx_word' id='word_1_228' title='bbox 1521 3757 1643 3832; x_wconf 88' lang='lat' dir='ltr'>vel</span> <span class='ocrx_word' id='word_1_229' title='bbox 1676 3759 1759 3831; x_wconf 90' lang='lat' dir='ltr'>in</span> <span class='ocrx_word' id='word_1_230' title='bbox 1799 3757 1923 3831; x_wconf 79' lang='lat' dir='ltr'>Pd</span> <span class='ocrx_word' id='word_1_231' title='bbox 1953 3784 2047 3833; x_wconf 86' lang='lat' dir='ltr'>ex</span> <span class='ocrx_word' id='word_1_232' title='bbox 2083 3760 2339 3833; x_wconf 89' lang='lat' dir='ltr'>eodem</span> <span class='ocrx_word' id='word_1_233' title='bbox 2374 3757 2579 3835; x_wconf 88' lang='lat' dir='ltr'>fonte</span> <span class='ocrx_word' id='word_1_234' title='bbox 2630 3764 2831 3836; x_wconf 89' lang='lat' dir='ltr'>deri-</span> 
     </span>
     <span class='ocr_line' id='line_1_27' title="bbox 545 3888 2834 3986; baseline 0 -21"><span class='ocrx_word' id='word_1_235' title='bbox 545 3900 718 3965; x_wconf 89' lang='lat' dir='ltr'>vata</span> <span class='ocrx_word' id='word_1_236' title='bbox 750 3889 1100 3986; x_wconf 88' lang='lat' dir='ltr'>leguntur</span> <span class='ocrx_word' id='word_1_237' title='bbox 1136 3912 1325 3983; x_wconf 82' lang='lat' dir='ltr'>quae</span> <span class='ocrx_word' id='word_1_238' title='bbox 1361 3888 1445 3960; x_wconf 88' lang='lat' dir='ltr'>in</span> <span class='ocrx_word' id='word_1_239' title='bbox 1485 3888 1554 3961; x_wconf 80' lang='lat'><em>0</em></span> <span class='ocrx_word' id='word_1_240' title='bbox 1582 3912 1733 3960; x_wconf 89' lang='grc'>11011</span> <span class='ocrx_word' id='word_1_241' title='bbox 1771 3897 1962 3960; x_wconf 92' lang='lat' dir='ltr'>sunt.</span> <span class='ocrx_word' id='word_1_242' title='bbox 2056 3912 2228 3959; x_wconf 89' lang='lat' dir='ltr'>nam</span> <span class='ocrx_word' id='word_1_243' title='bbox 2280 3892 2477 3984; x_wconf 92' lang='lat' dir='ltr'>quod</span> <span class='ocrx_word' id='word_1_244' title='bbox 2530 3916 2661 3986; x_wconf 90' lang='lat' dir='ltr'>per</span> <span class='ocrx_word' id='word_1_245' title='bbox 2709 3892 2834 3965; x_wconf 86' lang='lat' dir='ltr'>ul-</span> 
     </span>
     <span class='ocr_line' id='line_1_28' title="bbox 545 4018 2829 4115; baseline 0 -22"><span class='ocrx_word' id='word_1_246' title='bbox 545 4021 762 4093; x_wconf 90' lang='lat' dir='ltr'>timos</span> <span class='ocrx_word' id='word_1_247' title='bbox 799 4018 1026 4091; x_wconf 90' lang='lat' dir='ltr'>libros</span> <span class='ocrx_word' id='word_1_248' title='bbox 1061 4018 1296 4113; x_wconf 83' lang='lat' dir='ltr'>magis</span> <span class='ocrx_word' id='word_1_249' title='bbox 1332 4019 1711 4113; x_wconf 81' lang='lat' dir='ltr'>magisque</span> <span class='ocrx_word' id='word_1_250' title='bbox 1746 4018 2050 4090; x_wconf 85' lang='lat' dir='ltr'>rarescit</span> <span class='ocrx_word' id='word_1_251' title='bbox 2098 4020 2538 4106; x_wconf 83' lang='lat' dir='ltr'>emendatiO‚</span> <span class='ocrx_word' id='word_1_252' title='bbox 2593 4022 2829 4115; x_wconf 91' lang='lat' dir='ltr'>ipsius</span> 
     </span>
     <span class='ocr_line' id='line_1_29' title="bbox 547 4144 2827 4247; baseline 0.001 -25"><span class='ocrx_word' id='word_1_253' title='bbox 547 4151 677 4247; x_wconf 92' lang='lat' dir='ltr'>qui</span> <span class='ocrx_word' id='word_1_254' title='bbox 722 4148 1050 4221; x_wconf 91' lang='lat' dir='ltr'>instituit</span> <span class='ocrx_word' id='word_1_255' title='bbox 1093 4148 1305 4219; x_wconf 90' lang='lat' dir='ltr'>ardor</span> <span class='ocrx_word' id='word_1_256' title='bbox 1352 4148 1645 4221; x_wconf 88' lang='lat' dir='ltr'>videtur</span> <span class='ocrx_word' id='word_1_257' title='bbox 1693 4144 2084 4221; x_wconf 83' lang='lat' dir='ltr'>refrixisse.</span> <span class='ocrx_word' id='word_1_258' title='bbox 2180 4173 2399 4243; x_wconf 92' lang='lat' dir='ltr'>quem</span> <span class='ocrx_word' id='word_1_259' title='bbox 2444 4150 2827 4225; x_wconf 87' lang='lat' dir='ltr'>hominem</span> 
     </span>
     <span class='ocr_line' id='line_1_30' title="bbox 543 4277 2828 4374; baseline 0 -22"><span class='ocrx_word' id='word_1_260' title='bbox 543 4277 769 4352; x_wconf 86' lang='lat' dir='ltr'>fuisse</span> <span class='ocrx_word' id='word_1_261' title='bbox 797 4278 1353 4374; x_wconf 84' lang='lat' dir='ltr'>grammaticum</span> <span class='ocrx_word' id='word_1_262' title='bbox 1381 4301 1531 4350; x_wconf 92' lang='lat' dir='ltr'>non</span> <span class='ocrx_word' id='word_1_263' title='bbox 1561 4277 1987 4371; x_wconf 88' lang='lat' dir='ltr'>imperitum</span> <span class='ocrx_word' id='word_1_264' title='bbox 2014 4286 2090 4350; x_wconf 90' lang='lat' dir='ltr'>et</span> <span class='ocrx_word' id='word_1_265' title='bbox 2117 4286 2407 4371; x_wconf 88' lang='lat' dir='ltr'>praeter</span> <span class='ocrx_word' id='word_1_266' title='bbox 2432 4278 2668 4351; x_wconf 89' lang='lat' dir='ltr'>multa</span> <span class='ocrx_word' id='word_1_267' title='bbox 2695 4291 2828 4355; x_wconf 89' lang='lat' dir='ltr'>aut</span> 
     </span>
     <span class='ocr_line' id='line_1_31' title="bbox 545 4405 2826 4503; baseline 0.001 -21"><span class='ocrx_word' id='word_1_268' title='bbox 545 4407 849 4482; x_wconf 88' lang='lat' dir='ltr'>inutilia</span> <span class='ocrx_word' id='word_1_269' title='bbox 885 4416 1015 4480; x_wconf 93' lang='lat' dir='ltr'>aut</span> <span class='ocrx_word' id='word_1_270' title='bbox 1050 4405 1236 4481; x_wconf 86' lang='lat' dir='ltr'>falsa</span> <span class='ocrx_word' id='word_1_271' title='bbox 1271 4405 1634 4480; x_wconf 87' lang='lat' dir='ltr'>nonnulla</span> <span class='ocrx_word' id='word_1_272' title='bbox 1668 4416 1916 4481; x_wconf 91' lang='lat' dir='ltr'>tamen</span> <span class='ocrx_word' id='word_1_273' title='bbox 1951 4415 2147 4480; x_wconf 86' lang='lat' dir='ltr'>recte</span> <span class='ocrx_word' id='word_1_274' title='bbox 2185 4416 2315 4481; x_wconf 90' lang='lat' dir='ltr'>aut</span> <span class='ocrx_word' id='word_1_275' title='bbox 2341 4409 2826 4503; x_wconf 86' lang='lat' dir='ltr'>probabiliter</span> 
     </span>
     <span class='ocr_line' id='line_1_32' title="bbox 544 4537 2822 4635; baseline -0.001 -22"><span class='ocrx_word' id='word_1_276' title='bbox 544 4538 1112 4626; x_wconf 84' lang='lat' dir='ltr'>administrasse,</span> <span class='ocrx_word' id='word_1_277' title='bbox 1162 4539 1276 4610; x_wconf 91' lang='lat' dir='ltr'>uti</span> <span class='ocrx_word' id='word_1_278' title='bbox 1327 4537 1527 4608; x_wconf 86' lang='lat' dir='ltr'>haud</span> <span class='ocrx_word' id='word_1_279' title='bbox 1580 4560 1792 4634; x_wconf 88' lang='lat' dir='ltr'>aegre</span> <span class='ocrx_word' id='word_1_280' title='bbox 1843 4538 2246 4612; x_wconf 83' lang='lat' dir='ltr'>concedent</span> <span class='ocrx_word' id='word_1_281' title='bbox 2297 4540 2426 4633; x_wconf 84' lang='lat' dir='ltr'>qui</span> <span class='ocrx_word' id='word_1_282' title='bbox 2472 4538 2822 4635; x_wconf 85' lang='lat' dir='ltr'>exempla</span> 
     </span>
    </p>
   </div>
   <div class='ocr_carea' id='block_1_7' title="bbox 3047 3015 3059 5099">
    <p class='ocr_par' dir='ltr' id='par_1_7' title="bbox 3047 3015 3059 5099">
     <span class='ocr_line' id='line_1_33' title="bbox 3047 3015 3059 5099; baseline 0 0"><span class='ocrx_word' id='word_1_283' title='bbox 3047 3015 3059 5099; x_wconf 95' lang='lat' dir='ltr'> </span> 
     </span>
    </p>
   </div>
  </div>
 </body>
</html>
