3059 5125
1090 299 1488 364 -Θ-
2298 304 2426 368 315

173 472 330 552 ὅκως
364 460 507 543 κατ’
575 473 855 571 ἤπειρον
914 476 1009 572 μὴ
1049 473 1394 574 ἐσβάλοιεν
1439 475 1500 545 οἰ
1540 472 1889 574 βάρβαροι.
1969 480 2064 555 ὡς
2098 475 2224 574 γὰρ
2262 475 2428 548 έπύ-

170 589 355 662 θοντο
399 588 680 687 τάχιστα
720 590 1254 691 Πελοποννήσιοι
1300 594 1457 673 τοὺς
1507 590 1681 688 ἀμφὶ
1731 591 2080 690 Λεωνίδην
2130 593 2198 666 έν
2257 591 2424 691 Θερ-

174 710 497 808 μοπύλῃσι
549 710 1126 806 τετελευτηκέναι,
1192 711 1682 809 συνδραμόντες
1731 711 1804 783 ἐκ
1858 720 1993 783 τῶν
2045 712 2302 784 πολίων
2355 712 2427 793 ἐς

170 818 569 922 τὸνἸσθμὸν
612 827 866 916 ἵζοντο,
924 834 1031 902 καί
1080 854 1196 926 σφι
1246 829 1415 929 ἐπῆν
1458 833 1835 929 στρατηγὸς
1873 826 2353 930 Κλεόμβροτος
2389 830 2424 900 ὁ

110 935 715 1046 εἈναξανδρίδεω,
755 947 1112 1020 Λεωνίδεω
1169 948 1243 1021 δὲ
1293 946 1642 1044 ἀδελφεός.
1727 951 2016 1042 ἱζόμενοι
2079 946 2152 1019 δὲ
2198 947 2267 1019 ἐν
2326 950 2420 1044 tq*

159 1058 407 1160 Ἰσθμῷ
446 1069 555 1137 καὶ
590 1071 1062 1163 συγχώσαντες
1095 1070 1218 1165 τὴν
1259 1065 1636 1165 Σκιρωνίδα
1674 1065 1849 1156 ὁδόν,
1890 1066 2060 1160 μετὰ
2094 1071 2291 1138 τοῦτο
2329 1067 2426 1147 ὥς

167 1208 279 1279 σφι
328 1183 514 1263 ἔδοξε
565 1184 1143 1285 βουλευομένοισι,
1197 1185 1583 1279 οἰκοδόμεον
1639 1183 1748 1257 διὰ
1801 1191 1919 1258 τοῦ
1961 1179 2245 1278 Ἰσθμοῦ
2287 1190 2421 1257 τεῒ-

166 1328 297 1398 χος.
370 1302 483 1377 ἅτε
520 1301 594 1376 δὲ
628 1295 921 1376 ἐουσέων
976 1302 1311 1401 μυριάδων
1366 1303 1677 1377 πολλέων
1728 1307 1831 1375 καὶ
1885 1305 2137 1385 παντὸς
2183 1302 2425 1402 ἀνδρὸς

166 1419 634 1518 ἐργαζομένου,
687 1423 887 1519 ἤνετο
924 1425 999 1493 τὸ
1038 1421 1233 1520 ἔργον
1258 1445 1272 1460 ·
1348 1423 1456 1493 καὶ
1491 1422 1617 1521 γὰρ
1655 1422 1833 1496 λίθοι
1869 1424 1976 1494 καὶ
2010 1415 2290 1495 πλίνθοι
2315 1425 2424 1493 καὶ

89 1553 134 1603 ¹⁰
165 1539 316 1618 ξύλα
361 1544 467 1612 καὶ
520 1545 766 1640 φορμοὶ
824 1539 1105 1642 ψάμμου
1156 1540 1452 1639 πλήρεες
1504 1540 1942 1639 ἐσεφέροντο,
2000 1543 2108 1611 καὶ
2167 1539 2421 1612 ἐλίνυον

165 1657 388 1731 οὐδένα
420 1662 662 1758 χρόνον
701 1663 762 1731 οί
800 1659 1269 1760 βοηθήσαντες
1305 1658 1768 1757 ἐργαζόμενοι,
1815 1658 1967 1731 οὔτε
2001 1661 2233 1739 νυκτὸς
2269 1658 2423 1731 οὔτε

162 1778 432 1875 ἡμέρης.
475 1781 535 1849 οἱ
564 1776 638 1850 δὲ
666 1778 1141 1879 βοηθήσαντες
1168 1777 1238 1858 ἐς
1263 1780 1374 1848 τὸν
1402 1768 1680 1872 Ἰσθμὸν
1708 1777 2050 1875 πανδημεὶ
2079 1775 2216 1849 οἵδε
2245 1779 2421 1875 ἦσαν
2454 1785 2537 1846 72

155 1882 529 1995 Ἑλλήνων,
568 1896 1087 1990 Λακεδαιμόνιοί
1122 1921 1194 1968 τε
1231 1899 1340 1967 καὶ
1367 1885 1702 1996 Ἀρκάδες
1736 1896 1981 1978 πάντες
2016 1899 2126 1966 καὶ
2154 1888 2422 1967 Ἠλεῖοι

166 2017 262 2086 καὶ
294 2010 639 2112 Κορίνθιοι
674 2017 782 2087 καὶ
818 2014 1166 2087 Σικυώνιοι
1213 2019 1321 2087 καὶ
1349 2007 1777 2112 Ἐπιδαύριοι
1824 2016 1935 2084 καὶ
1972 2011 2280 2086 Φλιάσιοι
2317 2016 2424 2085 καὶ

88 2149 135 2198 15
165 2128 524 2231 Τροιζήνιοι
578 2135 688 2205 καὶ
731 2127 1148 2231 Ἑρμιονέες.
1242 2132 1425 2205 οὗτοι
1478 2131 1598 2227 μὲν
1636 2135 1812 2231 ἦσαν
1851 2134 1913 2203 οί
1950 2132 2423 2233 βοηθήσαντες

165 2253 260 2322 καὶ
323 2251 943 2351 ὑπεραρρωδέοντες
1002 2254 1089 2349 τῇ
1153 2247 1440 2325 Ἑλλάδι
1501 2251 1974 2347 κινδυνευούσῃ
2003 2273 2018 2289 ·
2117 2254 2288 2324 τοῖσι
2350 2249 2424 2321 δὲ

165 2368 406 2446 ἄλλοισι
470 2369 1073 2468 Πελοποννησίοισι
1166 2368 1368 2463 ἔμελε
1434 2368 1649 2441 οὐδέν.
1753 2361 2096 2463 Ὀλύμπια
2174 2368 2250 2440 δὲ
2313 2371 2423 2440 καὶ

167 2483 447 2587 Κάρνεια
523 2493 947 2589 παροιχώκεε
1010 2488 1173 2588 ἤδη.
1289 2488 1492 2573 οἰκέει
1556 2487 1630 2559 δὲ
1702 2489 1827 2585 τὴν
1897 2485 2418 2586 Πελοπόννησον
2453 2494 2537 2557 73

166 2605 351 2681 ἔθνεα
398 2609 583 2681 ἑπτά.
660 2610 912 2680 τούτων
964 2607 1037 2680 δὲ
1082 2607 1167 2680 τὰ
1223 2606 1344 2703 μὲν
1403 2608 1521 2679 δύο
1575 2606 1960 2703 αὐτόχθονα
2009 2606 2205 2679 ἐόντα
2257 2603 2423 2678 κατὰ

86 2744 136 2795 2ο
164 2730 380 2824 χώρην
421 2725 672 2827 ἵδρυται
708 2732 823 2798 νῦν
862 2730 949 2825 τῇ
989 2729 1096 2799 καὶ
1152 2731 1229 2798 τὸ
1284 2726 1495 2798 πάλαι
1531 2726 1785 2814 οἴκεον,
1836 2715 2169 2824 Ἀρκάδες
2203 2750 2275 2797 τε
2310 2727 2422 2797 καὶ

167 2839 539 2944 Κυνούριοι·
631 2844 699 2916 ἓν
741 2842 813 2915 δὲ
854 2843 1052 2926 ἔθνος
1101 2846 1174 2915 τὸ
1217 2838 1570 2943 Ἀχαιϊκὸν
1624 2844 1697 2916 ἐκ
1734 2842 1852 2938 μὲν
1897 2842 2422 2940 Πελοποννήσου

167 2961 270 3034 οὐκ
302 2962 720 3062 ἐξεχώρησε,
781 2963 853 3035 ἐκ
890 2962 1117 3056 μέντοι
1152 2972 1276 3063 τῆς
1311 2962 1578 3034 ἑωυτῶν
1602 3020 1621 3052 ,
1677 2963 1873 3035 οἰκέει
1925 2960 1999 3033 δὲ
2053 2965 2174 3060 τὴν
2212 2958 2419 3032 ἀλλο-

446 3199 576 3258 τίνες
622 3205 725 3252 τῶν
763 3194 1035 3269 Ἑλλήνων
1085 3198 1137 3251 ἐν
1191 3199 1270 3268 τῷ
1289 3191 1493 3269 ,Ἰσθμῷ
1530 3195 1784 3268 συνῆλθον
1994 3197 2108 3268 περὶ
2140 3203 2241 3250 τῶν
2281 3196 2333 3250 ὲν
2356 3196 2421 3270 τῇ

348 3264 723 3338 Πελοποννήσῳ
750 3264 912 3321 ἐθνῶν

358 3527 434 3577 11.
476 3523 825 3595 βοηθήσαντες
859 3554 888 3565 -
928 3524 989 3575 12
1015 3517 1216 3592 Ἰσθμὸν
1254 3522 1577 3577 Eustathius
1615 3521 1685 3576 11.
1723 3539 1775 3593 p.
1817 3523 1934 3576 288.
1979 3551 2050 3562 —
2091 3524 2171 3575 18.
2213 3520 2368 3575 οἰκέει
2391 3550 2421 3562 -

263 3592 318 3644 19
342 3593 468 3647 ἑπτά
489 3591 813 3647 Eustathius
837 3591 903 3645 11.
934 3609 989 3663 p.
1021 3593 1120 3643 289

263 3748 305 3801 1.
344 3746 369 3799 k
506 3766 609 3801 οιεν
634 3746 708 3812 R,
739 3745 1033 3816 ἐσβάλλοιεν
1058 3763 1085 3797 z
1132 3748 1155 3811 11
1204 3747 1252 3798 2.
1293 3743 1619 3798 λεωνίδεαΙέ
1666 3746 1714 3810 ΙΙ·
1746 3745 1794 3796 3.
1836 3743 1911 3809 ἐκ]
1937 3744 1995 3796 τὲ
2019 3744 2080 3797 ἐκ
2105 3745 2164 3798 R
2221 3746 2243 3809 ΙΙ
2299 3747 2348 3796 4.
2392 3744 2419 3798 ὁ

174 3827 266 3865 om.
289 3820 335 3868 A
468 3818 491 3881 ΙΙ
538 3818 589 3869 6.
632 3818 979 3889 συγνώσαντες
1012 3816 1060 3869 C
1107 3816 1129 3880 ΙΙ
1186 3812 1482 3886 σκειρωνίδα
1507 3813 1581 3874 R,
1621 3811 1944 3882 σκληρωνίδα
1974 3813 2023 3866 0
2059 3815 2082 3879 ΙΙ
2132 3815 2180 3865 7.
2225 3805 2422 3881 ᾠκοδό-

174 3897 321 3946 peon
387 3884 404 3951 fl
477 3888 527 3937 8.
567 3884 633 3955 δὴ
658 3902 685 3937 z
719 3879 776 3950 ‘u
848 3903 917 3952 μυ
952 3883 1108 3936 ιάδων
1132 3882 1321 3937 ΑΒΡι
1361 3881 1648 3953 μυριαδεών
1708 3883 1730 3947 ΙΙ
1793 3879 1993 3934 πολέων
2021 3883 2049 3935 b
2109 3883 2132 3946 ΙΙ
2180 3882 2228 3932 9.
2269 3878 2420 3949 ἤνετο

172 3950 314 4004 A¹B=
346 3952 495 4023 ἤρετο
526 3953 597 4018 C,
639 3952 826 4023 ἠνύετο
862 3902 1058 4021 τεῖἰςιιί
1113 3954 1137 4018 ΙΙ
1191 3949 1395 4005 πλίνθοι
1418 3952 1506 4004 καὶ
1531 3967 1639 4003 om.
1670 3952 1761 4013 ΑΙ,
1803 3948 1992 4003 eadem
2018 3954 2147 4002 ante
2170 3946 2308 4001 λίθοι
2329 3950 2358 4002 b
2403 3948 2425 4017 ΙΙ

178 4018 246 4068 10.
280 4021 453 4091 φόρμοι
487 4022 688 4077 ΑΒΟᾶ
750 4023 773 4085 ΙΙ
846 4019 1175 4095 ἐσεφορέοντο
1203 4018 1259 4071 R
1327 4021 1350 4085 ΙΙ
1422 4019 1647 4073 ἐλίννυον
1673 4021 1702 4072 b
1772 4020 1795 4084 11
1870 4019 1952 4070 11.
1985 4013 2320 4137 Ῠωθήσαντες
2343 4015 2415 4068 R.

174 4082 308 4141 Eunt.
354 4093 375 4156 ΙΙ
422 4093 501 4145 12.
543 4088 797 4161 πανδημεὶ
823 4088 931 4144 οἶδε
957 4091 1084 4153 ΑΒ,
1117 4086 1475 4159 πανδήμιοιδὲ
1500 4086 1558 4138 R
1604 4089 1626 4153 ΙΙ
1673 4086 1792 4140 ἔσαν
1816 4102 1843 4138 z
1900 4089 1921 4152 ΙΙ
2014 4089 2063 4138 3.
2106 4085 2304 4152 πάντες]
2334 4086 2422 4138 καὶ

175 4154 406 4215 πάντεςΙί
447 4164 471 4227 n
516 4160 687 4230 ηλεῖοι
709 4160 862 4222 AB1,
931 4159 1063 4212 λεῖοι
1086 4157 1269 4212 B2PR
1314 4160 1337 4221 ΙΙ
1387 4158 1468 4209 14.
1551 4155 1790 4227 λιάριοιθ
1839 4157 1861 4220 ΙΙ
1911 4156 1993 4207 15.
2028 4153 2145 4207 ἕσαν
2171 4173 2197 4207 z
2245 4157 2267 4220 ΙΙ
2393 4183 2422 4194 -

175 4216 469 4292 &mccli
513 4231 536 4294 11
591 4230 670 4279 17.
713 4226 862 4297 ἔμελε
952 4231 1012 4281 bx
1052 4225 1264 4296 ἔμελλεν
1289 4225 1362 4288 R,
1393 4223 1520 4294 ἔμελ
1555 4223 1799 4294 treliqui
1847 4225 1869 4290 ΙΙ
1927 4224 2006 4275 18.
2048 4223 2118 4276 κά
2179 4240 2231 4275 ια
2257 4223 2312 4275 Ρ
2404 4220 2426 4289 ΙΙ

179 4290 246 4343 19-
278 4296 485 4350 τουτέων
509 4315 537 4349 z
596 4301 617 4362 ΙΙ
685 4296 989 4378 αύτώχθονα
1014 4298 1070 4351 Β
1127 4298 1149 4360 ΙΙ
1208 4296 1294 4347 20.
1332 4295 1400 4375 τῇ
1437 4293 1720 4348 Schaeferz
1766 4310 1820 4344 τε
1855 4291 1921 4344 L.
1962 4292 2058 4361 τὴν
2142 4308 2267 4356 oen,
2295 4300 2422 4344 ante

175 4362 249 4476 ξι
279 4364 971 4506 νεικείειν.
1018 4362 1559 4503 ,εκτεινεν
1599 4361 1854 4502 ..w
1909 4359 1958 4413 0
2022 4363 2045 4426 ¹·
2090 4378 2146 4412 τε
2404 4360 2426 4429 ¹¹
