3059 5125
581 332 707 396 306
1518 329 1916 393 -Θ-

571 510 775 577 ναίων
814 502 1244 578 Ποσειδέωνά
1292 529 1363 576 τε
1407 505 1513 575 καὶ
1544 490 1929 602 Ἀθηναίην
1968 504 2327 602 ἐρίσαντας
2361 504 2510 600 περὶ
2545 507 2674 598 τῆς
2703 503 2833 595 χῶ-

571 649 699 722 ρης
738 626 1066 722 μαρτύρια
1106 622 1371 696 θέσθαι.
1447 626 1700 722 ταύτην
1734 622 1827 694 ὧν
1877 626 2001 720 τὴν
2057 624 2298 721 ἐλαίην
2348 622 2489 713 ἅμα
2519 625 2626 717 τῷ
2665 621 2832 716 ἄλλῳ

573 746 699 840 ἱρῷ
741 742 1069 842 κατέλαβε
1105 741 1589 842 ἐμπρησθῆναι
1641 742 1771 816 ὑπὸ
1807 750 1940 815 τῶν
1981 741 2380 842 βαρβάρων·
2458 741 2736 838 δευτέρη
2769 738 2832 811 δὲ

569 863 797 960 ἡμέρῃ
838 859 974 934 ἀπὸ
1025 869 1147 960 τῆς
1193 861 1570 960 ἐμπρήσιος
1596 850 1995 960 Ἀθηναίων
2045 864 2107 931 οἱ
2143 861 2330 932 θύειν
2372 862 2501 932 ὑπὸ
2537 857 2834 959 βασιλέος

572 979 997 1075 κελευόμενοι
1048 985 1143 1059 ὡς
1201 978 1540 1081 ἀνέβησαν
1594 980 1666 1061 ἐς
1718 982 1794 1052 τὸ
1834 983 2011 1079 ἱρόν,
2050 982 2251 1077 ὥρων
2291 979 2580 1080 βλαστὸν
2627 979 2701 1049 ἐκ
2731 981 2834 1046 τοῦ
2885 997 2908 1044 5

573 1098 930 1196 στελέχεος
966 1099 1121 1172 ὅσον
1158 1125 1231 1171 τε
1262 1102 1602 1196 πηχυαῖον
1645 1097 2270 1198 ἀναδεδραμηκότα.
2353 1098 2544 1170 οὗτοι
2577 1097 2701 1190 μέν
2738 1123 2836 1166 νυν

570 1223 779 1290 ταῦτα
815 1217 1139 1317 ἔφρασαν.

456 1346 538 1407 56
726 1335 805 1408 Οἱ
843 1336 919 1408 δέ
955 1337 1024 1409 ἐν
1064 1336 1396 1431 Σαλαμῖνι
1418 1326 1802 1436 (Έλληνες,
1842 1341 1937 1419 ὥς
1975 1364 2095 1434 σφι
2130 1336 2518 1435 ἐξηγγέλθη
2557 1341 2658 1419 ὡς
2694 1335 2840 1431 ἔσχε

573 1454 655 1528 τὰ
688 1459 842 1555 περὶ
877 1460 1000 1555 τὴν
1031 1444 1409 1554 Ἀθηναίων
1453 1455 1809 1556 ἀκρόπολιν
1830 1514 1848 1544 ,
1899 1458 1969 1537 ἐς
2003 1463 2326 1528 τοσοῦτον
2365 1455 2658 1555 θόρυβον
2693 1453 2840 1526 ἀπί-

572 1600 762 1647 κοντο
817 1579 912 1655 ὡς
966 1574 1133 1646 ἔνιοι
1185 1582 1316 1646 τῶν
1375 1584 1772 1674 στρατηγῶν
1835 1574 1994 1647 οὐδὲ
2042 1574 2431 1671 κυρωθῆναι
2487 1573 2728 1667 ἔμενον
2775 1574 2842 1643 τὸ
2873 1588 2918 1637 ιο

568 1699 1004 1792 προκείμενον
1074 1702 1392 1794 πρῆγμα,
1453 1682 1608 1765 ἀλλ’
1675 1693 1749 1776 ἔς
1811 1720 1884 1766 τε
1950 1694 2071 1775 τὰς
2116 1696 2280 1773 νέας
2327 1693 2686 1767 ἐσέπιπτον
2744 1695 2844 1763 καὶ

572 1816 744 1885 ἱστία
796 1811 1099 1911 ἀείροντο
1153 1817 1249 1893 ὡς
1301 1811 1868 1906 ἀποθευσόμενοι·
1944 1817 2116 1886 τοῖσί
2155 1838 2226 1883 τε
2267 1812 2844 1904 ὑπολειπομένοισι

572 1931 792 2003 αὐτῶν
842 1931 1154 2030 ἐκυρώθη
1204 1934 1334 2029 πρὸ
1371 1938 1489 2003 τοῦ
1515 1921 1802 2026 Ἰσθμοῦ
1837 1931 2267 2028 ναυμαχέειν.
2344 1930 2462 2009 νύξ
2493 1956 2568 2002 τε
2602 1931 2842 2026 ἐγίνετο

571 2053 677 2123 καὶ
715 2050 779 2121 οἲ
817 2050 1245 2132 διαλυθέντες
1295 2051 1369 2123 ἐκ
1420 2056 1541 2122 τοῦ
1587 2049 1935 2148 συνεδρίου
1986 2050 2362 2151 ἐσέβαινον1
2396 2050 2467 2129 ἐς
2520 2050 2640 2130 τὰς
2673 2050 2840 2129 νέας.

457 2185 533 2246 57
571 2168 863 2241 ἐνθαῦτα
935 2169 1022 2266 δὴ
1084 2167 1548 2264 Θεμιστοκλέα
1623 2167 2027 2264 ἀπικόμενον
2093 2170 2203 2241 ἐπὶ
2267 2171 2392 2265 τὴν
2454 2169 2577 2240 νέα
2637 2171 2843 2266 εἴρετο
2873 2185 2920 2235 15

572 2282 1003 2385 Μνησίφιλος
1058 2285 1233 2386 ἀνὴρ
1278 2281 1655 2386 Ἀθηναῖος
1718 2289 1760 2360 ὅ
1821 2314 1883 2359 τι
1951 2313 2069 2384 σφι
2131 2289 2239 2387 εἴη
2297 2286 2839 2387 βεβουλευμένον.

568 2405 950 2498 πυθόμενος
1008 2407 1082 2478 δέ
1151 2408 1321 2505 πρὸς
1384 2406 1590 2478 αὐτοῦ
1649 2410 1746 2488 ὡς
1797 2407 1903 2505 εἴη
1960 2406 2364 2503 δεδογμένον
2418 2403 2686 2502 ἀνάγειν
2733 2405 2844 2479 τὰς

569 2524 723 2606 νέας
770 2528 940 2624 πρὸς
990 2528 1102 2597 τὸν
1144 2513 1423 2620 Ἰσθμὸν
1476 2529 1586 2597 καὶ
1636 2528 1766 2624 πρὸ
1824 2533 1950 2624 τῆς
2005 2523 2542 2622 Πελοποννήσου
2587 2549 2839 2618 ναυμα-

568 2643 783 2741 χέειν,
844 2643 990 2716 εἶπε
1039 2631 1076 2658 “
1094 2634 1234 2715 οὔτ’
1283 2643 1448 2743 ἄρα,
1501 2644 1587 2742 ἢν
1639 2644 2012 2741 ἀπαείρωσι
2053 2645 2175 2725 τὰς
2224 2644 2385 2724 νέας
2430 2641 2563 2715 ἀπὸ
2615 2642 2839 2715 Σαλα-

574 2767 791 2857 μῖνος,
845 2767 998 2861 περὶ
1047 2762 1369 2861 οὐδεμιῆς
1420 2763 1517 2834 ἔτι
1567 2765 1887 2862 πατρίδος
1931 2767 2426 2861 ναυμαχήσεις·
2501 2762 2671 2834 κατὰ
2719 2763 2836 2858 γὰρ
2865 2782 2917 2831 n

567 2882 762 2960 πόλις
798 2880 1068 2953 ἕκαστοι
1099 2880 1477 2979 τρέψονται,
1516 2885 1625 2953 καὶ
1654 2881 1808 2954 οὔτε
1846 2882 2063 2978 σφέας
2086 2877 2517 2981 Εὐρυβιάδης
2543 2882 2834 2976 κατέχειν

573 2996 930 3096 δυνήσεται
988 2999 1141 3072 οὔτε
1192 3025 1292 3081 τις
1350 2998 1732 3099 ἀνθρώπων
1793 2999 1999 3080 ἄλλος
2048 3001 2225 3072 ὥστε
2296 3003 2390 3096 μὴ
2447 3001 2526 3071 οὐ
2574 3001 2835 3070 διασκε-

571 3118 903 3216 δασθῆναι
955 3122 1081 3215 τὴν
1139 3122 1488 3216 στρατιήν·
1587 3117 1948 3191 ἀπολέεταί
1982 3144 2056 3190 τε
2090 3119 2138 3215 ἡ
2164 3113 2426 3198 Ἑλλὰς
2462 3116 2829 3219 ἀβουλίῃσι

881 3369 934 3423 ἐν
956 3370 1084 3424 τίσιν
1107 3359 1238 3440 ἦσαν
1264 3370 1313 3425 οἱ
1335 3370 1389 3424 ἐν
1419 3367 1677 3440 Σαλαμῖνι
1698 3377 1793 3493 τῆς
1817 3372 1932 3442 περὶ
1955 3368 2193 3442 Ἀθηνῶν
2217 3368 2453 3440 ἀγγελίας
2475 3367 2721 3437 &Rubrae

773 3441 957 3510 γνώμη
986 3436 1310 3511 Μνησιφίλου
1350 3438 1431 3492 διὰ
1455 3437 1738 3509 Θεμιστοκλ
1769 3458 1857 3498 ους
1886 3441 2017 3493 ὥστε
2051 3439 2166 3508 περὶ
2195 3435 2466 3506 Σαλαμῖνα
2497 3434 2722 3508 γενέσθαι
2741 3438 2828 3504 τὴν

772 3507 1061 3581 ναυμαχίαν

780 3765 859 3814 11.
890 3765 979 3816 καὶ
1003 3794 1032 3803 -
1067 3765 1126 3815 12
1153 3761 1556 3833 ἀποθευσόμενοι
1580 3763 1820 3817 Lexicon
1845 3762 2084 3817 vindob.
2115 3779 2169 3834 p.
2205 3764 2319 3815 100.
2353 3790 2416 3803 --
2459 3764 2538 3813 15.
2567 3759 2774 3814 ἐνθαῦτα
2795 3787 2822 3799 ‹-

674 3832 731 3883 21
763 3832 1036 3902 τρέψονται
1072 3831 1395 3886 Plutarchus
1421 3850 1557 3886 mor.
1599 3849 1655 3903 p.
1684 3833 1786 3884 869

670 3988 720 4038 4.
754 3983 1010 4057 Αθηναῖοί
1041 3983 1090 4040 οἱ
1112 4004 1139 4039 z
1185 3990 1209 4052 ΙΙ
1256 3985 1504 4055 βασιλέως
1534 3986 1592 4050 0,
1624 3984 1868 4055 βασιλῆος
1893 4003 1921 4037 z
1955 3987 1979 4051 ΙΙ
2016 3988 2063 4037 5.
2096 3984 2254 4055 ΨΙρὸν
2280 3989 2332 4040 A
2377 3987 2402 4051 fl
2446 3987 2494 4037 6.
2526 3984 2617 4055 μὲν
2638 3984 2704 4035 ὃν
2729 3980 2780 4034 Β

570 4056 618 4106 5.
661 4050 710 4106 δ’
740 4057 769 4108 b
817 4057 839 4120 ιι
887 4054 1250 4127 εεαγγιλθηῌ
1295 4058 1318 4120 ιι
1365 4057 1413 4107 9.
1454 4054 1520 4107 τὰ
1547 4072 1653 4107 om.
1683 4053 1880 4108 ABGb
1927 4056 1951 4120 ιι
1997 4055 2075 4105 10.
2117 4054 2328 4106 &mle
2371 4056 2397 4121 ιι
2445 4055 2523 4106 11.
2560 4050 2778 4122 νῆιιιιᾱ

575 4124 651 4174 12.
695 4122 1029 4192 θευσούμενοι
1055 4125 1188 4177 Lex.
1218 4123 1382 4177 Vind.
1435 4127 1458 4189 ΙΙ
1510 4126 1589 4175 13.
1632 4123 1827 4177 αὐτέων
1854 4121 1936 4174 Rz
1982 4125 2005 4188 ΙΙ
2051 4122 2252 4193 ἐγένετο
2280 4123 2337 4175 R
2381 4125 2406 4187 fl
2457 4124 2534 4174 14.
2561 4119 2776 4189 νῆαςΕῐ

576 4193 654 4246 15.
698 4191 753 4244 δὲ
778 4190 923 4245 Plut.
1002 4195 1026 4257 ΙΙ
1095 4192 1453 4261 Θεμιστοκλῆα
1474 4210 1502 4244 z
1562 4195 1585 4257 ΙΙ
1646 4194 1700 4250 ἐς
1723 4195 1754 4246 b
1811 4194 1836 4257 ΙΙ
1891 4198 1992 4262 νῆα
2017 4191 2100 4244 Βι
2158 4194 2182 4257 ΙΙ
2239 4190 2396 4312 ἤρετο
2425 4190 2475 4243 0
2514 4192 2538 4257 fl
2592 4192 2666 4242 16.
2701 4204 2818 4256 μνη·

570 4258 781 4329 σίφαλος
805 4263 835 4313 b
884 4263 907 4325 ΙΙ
958 4276 1122 4332 σφισιν
1147 4263 1177 4313 b
1225 4262 1249 4326 ΙΙ
1301 4262 1380 4313 17.
1412 4261 1518 4313 ἐστὶ
1540 4260 1690 4313 Plut„
1736 4263 1759 4325 u
1804 4262 1883 4313 18.
1913 4267 2042 4332 νῆας
2069 4259 2149 4313 Rz
2193 4263 2218 4326 ss
2302 4262 2353 4313 9.
2382 4260 2490 4313 εἶπε
2514 4276 2616 4313 om.
2644 4257 2771 4312 Plan„

569 4322 700 4394 οὔτ’]
730 4328 872 4382 οὗτοι
896 4328 968 4391 R,
1002 4329 1097 4382 οὐκ
1120 4329 1261 4383 Plut.
1317 4327 1375 4382 οὔ
1404 4348 1485 4383 τοι
1509 4328 1800 4383 Bekkerus
1846 4332 1870 4394 11
1916 4327 2168 4398 ἀπαίρωσι
2192 4329 2261 4381 L.
2293 4328 2437 4382 Plut„
2489 4332 2513 4395 ΙΙ
2554 4334 2672 4398 νῆας
2693 4324 2766 4375 R*

570 4399 652 4448 20.
694 4397 809 4466 περὶ
833 4396 953 4451 οὐδὲ
983 4404 1107 4469 μιῆς
1132 4400 1257 4463 ΑΒ,
1288 4417 1351 4450 πε
1386 4400 1403 4451 ὶ
1430 4398 1486 4451 δὲ
1509 4399 1754 4469 οὐδεμιῆς
1777 4397 1848 4460 R,
1881 4397 2000 4451 οὐδὲ
2023 4398 2137 4467 περὶ
2166 4404 2293 4470 μιῆς
2316 4397 2464 4452 Plut.
2535 4399 2559 4462 fl
2622 4396 2698 4447 21.
2733 4391 2817 4443 πύ-

566 4463 679 4521 λιας
705 4465 856 4528 PRz,
887 4465 1059 4524 πόλεις
1084 4470 1131 4521 b.
1162 4466 1312 4519 Plut.
1357 4416 1386 4531 ἵΙ
1434 4468 1516 4519 22.
1560 4467 1619 4521 οὐ
1646 4469 1722 4538 μὴ
1745 4467 1942 4521 ABGb
