3059 5125
1158 341 1452 398 Praefatio.
2306 363 2448 408 LVII

192 543 380 615 gates
439 518 842 613 attica-sque
902 515 1172 591 formas
1232 517 1504 616 φύλακα
1568 518 1665 614 (A
1720 519 1840 590 41.
1897 520 2017 591 44.
2088 516 2138 588 Θ
2188 517 2311 615 41)
2374 527 2451 591 et

193 646 474 743 φύλακας
520 644 610 742 (H
650 647 773 743 95)
794 702 814 733 ,
877 648 1190 720 rariores
1238 671 1414 719 sane
1463 671 1771 721 numero
1823 672 2046 744 quam
2097 672 2286 744 quae
2336 673 2447 719 se-

192 778 484 848 cundam
511 774 1074 850 declinationem
1101 785 1514 872 sequuntur
1543 774 1864 872 (φύλακος
1894 775 2195 872 φυλάκου
2227 774 2445 873 φύλα-

192 929 292 975 κον
327 901 677 1001 φυλάκους,
719 929 893 977 nam
929 902 1247 1001 φυλάκων
1287 904 1351 978 Β
1394 899 1572 977 121δ
1619 929 1889 1000 anceps
1938 905 2099 1001 est),
2151 929 2237 978 eo
2288 905 2447 999 ipso

189 1033 464 1105 nomine
501 1034 952 1106 damnandas
989 1057 1166 1119 esse,
1203 1057 1357 1106 non
1390 1034 1625 1129 magis
1665 1057 1909 1128 quam,
1950 1035 2147 1129 quod
2181 1041 2257 1108 et
2289 1035 2446 1127 ipse

185 1160 666 1255 relinquebat,
717 1160 1240 1259 χρυσοφύλακας
1283 1158 1339 1231 Δ
1380 1163 1497 1235 13.
1541 1164 1661 1236 27.
1754 1161 2004 1257 paullo
2051 1165 2145 1236 ab
2180 1162 2299 1234 his
2336 1163 2449 1233 di-

187 1314 374 1363 versa
405 1300 517 1363 est
547 1291 741 1363 ratio
775 1291 1164 1362 nominum
1211 1292 1674 1385 quorundam
1720 1292 2175 1365 Persicorum
2192 1347 2210 1378 ,
2258 1316 2447 1387 quae
2526 1371 2531 1376 ,

184 1417 504 1493 similiter
555 1420 753 1492 inter
802 1443 879 1493 se
929 1420 1270 1492 cadentes
1332 1444 1483 1492 non
1533 1430 1781 1493 tamen
1830 1420 2171 1493 similiter
2222 1418 2449 1493 decli-

182 1558 454 1621 nantur.
559 1572 735 1621 nam
795 1572 984 1641 quae
1034 1557 1312 1622 exeunt
1368 1548 1451 1621 in
1500 1573 1761 1647 ασπης,
1831 1549 2101 1645 partim
2162 1549 2447 1644 primae

183 1675 644 1751 declinationi
681 1677 1107 1762 adhaerent,
1162 1672 1588 1775 Κρανάσπης
1624 1674 2037 1776 Φαρνάσπης
2073 1674 2442 1776 Χοάσπης;

183 1809 432 1900 partim
495 1806 802 1892 tertiae,
868 1801 1290 1904 Πρηξάσπης
1335 1775 1579 1900 ⁰(quod
1628 1805 1830 1877 enim
1876 1803 1944 1876 ·Γ
1998 1807 2116 1878 74.
2177 1808 2295 1879 75.
2350 1810 2443 1879 78

179 1934 539 2030 legebatur
595 1932 749 2032 Πρη
758 1932 1028 2013 ξάσπεω
1081 1956 1282 2006 nunc
1328 1942 1538 2027 patet
1583 1932 1804 2028 plane
1854 1935 2228 2009 novicium
2264 1935 2443 2031 esse)

179 2062 528 2162 Σατάσπης
586 2050 606 2077 ‘
623 2059 991 2160 Υστάσπης
1008 2118 1024 2145 ,
1114 2085 1161 2133 a
1221 2062 1491 2157 quibus
1555 2086 1785 2158 prope
1862 2064 2087 2139 distat
2146 2059 2447 2162 Τεΐσπης

178 2187 482 2272 Τεΐσπεος
545 2188 614 2263 Η
674 2191 790 2263 11.
906 2190 1086 2263 item
1149 2190 1570 2286 discrepant
1627 2186 2068 2291 Μιτραδάτην
2131 2195 2206 2265 A
2277 2194 2445 2279 121,

179 2316 632 2417 Φαρανδάτεος
668 2315 693 2390 l
736 2321 854 2394 76.
947 2342 1199 2392 eorum
1234 2344 1330 2392 ex
1366 2343 1676 2392 numero
1714 2320 1845 2415 qui
1881 2319 2185 2415 syllabis
2238 2344 2449 2419 τανης

180 2448 658 2522 terminantur
709 2435 1002 2546 Ὀτάνης
1076 2447 1278 2520 haud
1349 2449 1662 2522 dubium
1739 2457 1852 2522 est
1910 2458 2020 2522 tot
2081 2448 2445 2544 exemplis

179 2578 258 2673 (v.
295 2579 609 2652 Bredov.
649 2602 724 2671 p.
767 2575 942 2672 229)
981 2578 1165 2672 quin
1200 2576 1656 2652 declinatum
1691 2578 1789 2651 sit
1830 2566 2135 2650 Ὀτάνεω
2182 2566 2443 2676 Ὀτάνῃ

170 2693 437 2779 Ὀτάνεα
500 2706 687 2802 (sive
729 2693 1024 2802 Ὀτάνην
1084 2703 1139 2776 Γ
1179 2706 1300 2802 76)
1343 2692 1630 2805 Ὀτάνη,
1708 2706 1835 2801 qui
1885 2716 2131 2781 autem
2182 2708 2262 2780 in
2297 2711 2446 2780 Ar-

176 2834 467 2932 chetypo
516 2833 732 2908 fuere
780 2833 1095 2929 genitivi
1135 2826 1454 2915 Ὀτάνοος
1501 2858 1812 2909 numero
1860 2859 1993 2909 sex
2040 2834 2118 2928 (Γ
2158 2839 2276 2910 70.
2322 2839 2440 2908 71.

179 2964 285 3036 84.
325 2966 444 3038 88.
493 2965 669 3037 144.
711 2960 773 3034 Η
814 2960 963 3057 82),
1001 2963 1286 3057 primus
1322 2987 1369 3035 a
1408 2964 1493 3050 G,
1531 2962 1807 3059 reliqui
1843 2990 1889 3036 a
1918 2964 1998 3038 P
2024 2967 2251 3060 probe
2288 2990 2445 3037 cor-

178 3093 340 3165 recti
374 3102 573 3167 sunt.
656 3116 792 3165 nec
837 3091 1101 3186 magis,
1155 3100 1241 3163 ut
1274 3092 1415 3164 hoc
1450 3092 1804 3180 inseram,
1856 3090 2244 3168 ferendum
2292 3105 2448 3168 erat

178 3218 520 3301 Σιτάλκεος
571 3218 630 3291 Δ
668 3220 764 3292 80
815 3220 1032 3292 iuxta
1063 3216 1357 3319 Σιτάλκη
1410 3223 1492 3294 in
1547 3224 1804 3296 eodem
1854 3247 2082 3318 prope
2118 3247 2333 3297 versu
2368 3234 2447 3297 et

179 3345 505 3422 Σιτάλκεω
589 3345 654 3420 Η
728 3347 892 3420 137.
1020 3372 1190 3421 cum
1257 3337 1554 3448 Ὀτάνης
1628 3349 2040 3447 copulanda
2098 3337 2444 3451 Ἀρτάνης

173 3465 502 3574 Ἀρτάνεω
540 3474 608 3550 Η
647 3478 821 3563 224,
857 3477 1396 3573 seiungendum
1433 3487 1683 3553 autem
1706 3472 2091 3578 “Yetdvm
2106 3478 2445 3560 Υστάνεος

185 3600 238 3673 Η
274 3608 386 3678 77.
479 3608 563 3680 in
600 3630 778 3704 σρης
812 3606 1206 3679 terminata
1242 3595 1729 3709 Ἀρτεμβάρης
1761 3602 2104 3706 Μαζάρης
2141 3603 2442 3708 Οἰβάρης

181 3728 528 3834 Παντάρης
593 3735 925 3817 tertiam,
992 3743 1073 3807 at
1117 3731 1488 3836 Βουβάρης
1540 3732 1906 3834 Κυαξάρης
1955 3735 2272 3830 primam
2331 3760 2445 3808 se-

182 3873 488 3955 quuntur
537 3861 1144 3938 declinationem:
1217 3865 1412 3959 quod
1460 3865 1661 3938 enim
1711 3867 1786 3937 A
1826 3864 1943 3936 73.
1988 3865 2084 3936 74
2135 3865 2266 3937 diu
2314 3867 2443 3937 ob-

182 3991 393 4065 tinuit
426 3989 771 4090 Κυαξάρει
809 3991 926 4066 vel
963 3988 1319 4091 Κυαξάρεϊ,
1376 3994 1653 4065 dudum
1702 4018 1748 4064 a
1780 3993 1883 4065 B²
1916 3990 2271 4066 refectum
2307 4002 2437 4065 est.

185 4111 553 4219 Μασκάμην
592 4120 710 4193 bis
745 4130 858 4194 est
894 4117 957 4191 H
1003 4122 1169 4194 105.
1221 4122 1402 4208 106,
1446 4110 1839 4218 Ἀρσάμεος
1888 4123 1960 4193 Α
1998 4122 2168 4194 209.
2213 4118 2275 4192 Η
2325 4123 2440 4207 11,

183 4249 360 4320 unde
392 4246 610 4323 facile
645 4250 993 4323 statuitur
1036 4258 1205 4323 utra
1253 4250 1352 4322 sit
1397 4247 1618 4323 lectio
1668 4250 1910 4345 potior
1946 4245 2009 4320 H
2049 4250 2219 4322 224.
2313 4276 2440 4323 no-

185 4377 450 4450 minum
484 4379 568 4451 in
605 4382 664 4448 ώ
700 4378 1159 4451 accusativus
1197 4387 1354 4452 tum
1390 4379 1685 4475 proprie
1729 4379 1813 4451 in
1849 4381 1965 4449 οὖν
2004 4379 2442 4452 terminatur

187 4496 489 4596 (Βουτοῦν
540 4507 604 4579 Β
645 4508 766 4581 59.
809 4507 929 4581 63.
973 4510 1093 4582 67.
1138 4510 1258 4581 75.
1309 4508 1492 4594 152,
1550 4493 1729 4578 Ἰοῦν
1780 4510 1856 4580 Α
1898 4508 1961 4581 1.
2005 4510 2090 4595 2,
2172 4505 2440 4606 Λητοῦν
