3059 5125
1168 322 1456 377 Praefatio.
2301 339 2465 386 LXIX

209 499 257 573 Γ
290 503 401 574 41.
440 499 495 573 Δ
531 504 656 575 61.
690 502 1017 576 94.168.
1058 502 1124 572 Ε
1160 497 1324 588 92ζ,
1364 501 1648 600 ῥιπτέειν
1685 497 1740 571 Δ
1777 500 1942 572 188.
1986 495 2048 570 H
2094 500 2212 571 50.
2254 495 2305 571 Θ
2340 498 2460 571 53.

205 630 594 705 solitarium
643 641 756 705 est
802 633 998 705 inter
1043 629 1281 704 multa
1330 631 1674 726 bar-ytoni
1715 628 2057 725 exempla
2091 627 2465 702 ἐνδυνὲουσι

204 760 252 834 Γ
276 762 387 835 98.
462 760 920 863 διαβυνέονται
948 759 1002 833 Δ
1034 763 1120 833 71
1162 760 1608 834 contrarium
1643 761 1788 832 sibi
1825 761 2050 833 habet
2087 757 2464 860 διαβύνεται

201 891 258 963 Β
284 892 373 965 96
412 890 583 987 (vid.
620 871 968 965 Meineke
1004 892 1098 963 ad
1123 891 1490 965 Theocrit.
1523 891 1603 962 II
1634 890 1730 987 3).
1811 915 1950 964 nec
1985 887 2465 963 deseruissem

198 1022 356 1118 ἤψεε
388 1023 459 1093 Α
500 1022 601 1094 48
652 1020 822 1117 (vid.
862 1020 1164 1094 Lobeck
1200 1022 1295 1093 ad
1328 1020 1539 1093 Aiac.
1582 1045 1655 1116 p.
1704 1020 1934 1116 181²),
1985 1020 2132 1092 nisi
2183 1017 2465 1114 praeci-

199 1152 436 1224 derent
469 1148 975 1224 defensionem
1021 1175 1208 1246 quae
1245 1151 1652 1224 Bredovius
1703 1175 1774 1246 p.
1819 1151 1967 1224 369
2019 1148 2323 1222 adhibet
2369 1174 2463 1222 ex

197 1280 673 1354 Herodianeis
725 1305 912 1377 quae
962 1279 1141 1355 olim
1184 1282 1672 1354 credebantur
1717 1282 1915 1376 apud
1949 1280 2464 1352 Hermannum

196 1411 278 1482 de
317 1413 601 1483 emend.
644 1419 776 1483 rat.
817 1435 889 1506 p.
934 1410 1081 1484 313
1131 1408 1353 1491 οὐδεὶς
1399 1408 1473 1483 δὲ
1509 1417 1645 1481 τῶν
1683 1407 1986 1510 ἀρχαίων
2022 1407 2205 1481 εἶπεν
2243 1408 2460 1507 ἥψουν

196 1529 333 1611 ἀλλ’
391 1540 591 1639 ἧψον.
716 1566 851 1614 nec
898 1548 1264 1636 postremo
1314 1540 1509 1637 δεψεῖ
1552 1535 1607 1609 Δ
1660 1540 1757 1613 64
1811 1548 2101 1634 praeter
2158 1538 2465 1610 circum-

195 1668 576 1742 flexionem
616 1671 838 1744 nimis
873 1671 1255 1757 absonum,
1291 1672 1507 1742 modo
1544 1677 1767 1743 testes
1804 1669 2326 1742 consentirent.
2438 1712 2442 1716 <

383 1800 560 1894 Ipsa
609 1801 759 1872 iam
810 1802 1200 1873 verborum
1249 1824 1380 1895 per
1429 1809 1761 1894 tempora
1809 1823 1895 1872 ac
1943 1801 2194 1870 modos
2239 1796 2465 1870 decli-

193 1929 380 2001 natio
413 1953 585 2001 cum
623 1927 1034 2025 complures
1069 1930 1345 2002 habeat
1395 1928 1511 2002 vel
1564 1953 1815 2001 causas
1866 1927 1982 2002 vel
2026 1926 2222 2001 locos
2272 1928 2464 2000 vari-

190 2058 350 2131 andi
369 2114 388 2146 ,
453 2083 755 2132 omnem
818 2067 1064 2132 autem
1125 2083 1287 2132 eam
1351 2059 1735 2131 materiam
1786 2082 1937 2131 non
1988 2059 2233 2153 capiat
2278 2059 2464 2130 haec

191 2186 558 2281 praefandi
595 2190 897 2275 occasi0‚
933 2190 1257 2262 breviter
1293 2190 1600 2262 narrabo
1634 2189 1869 2284 magis
1906 2213 2127 2283 quam
2163 2190 2466 2260 demon-

191 2320 443 2406 mbo,
473 2319 661 2414 quid
695 2320 776 2425 in
812 2317 1122 2415 singulis
1148 2319 1482 2414 partibus
1520 2328 1678 2391 tum
1705 2314 1879 2390 ferri
1907 2318 2162 2391 iubeat
2179 2318 2465 2390 Arche-

190 2448 337 2544 typi
382 2450 570 2522 fides
626 2457 702 2522 et
751 2449 1147 2522 auctoritas
1161 2503 1180 2535 ‚
1233 2458 1393 2521 tum
1445 2448 1843 2542 exaequari
1896 2448 2093 2520 sinat
2141 2448 2463 2543 prudens

191 2578 351 2651 artis
386 2580 820 2654 moderatio.
913 2579 1213 2652 initium
1264 2578 1495 2675 igitur
1541 2576 1854 2651 facimus
1901 2580 1994 2650 ab
2030 2602 2463 2674 augmen-

189 2716 378 2781 toru
391 2735 469 2781 m
521 2718 813 2805 praeter
862 2732 1326 2782 communem
1370 2730 1645 2780 morem
1698 2707 2110 2782 omissione.
2242 2733 2465 2803 quam

187 2848 456 2932 partem
494 2848 799 2935 propter
831 2839 1067 2934 ipsam
1102 2839 1544 2912 tenuitatem
1573 2838 2063 2911 obscuriorem
2102 2836 2463 2932 multipli-

188 2967 389 3063 cique
441 2978 518 3043 et
579 2969 1151 3041 describentium
1214 2976 1291 3042 et
1351 2966 1962 3062 interpolantium
2011 2969 2239 3040 errori
2290 2970 2464 3040 sub-

187 3097 440 3170 iectam
491 3098 855 3196 Lhardyis
918 3098 1282 3193 imprimis
1332 3097 1723 3194 diligentia
1783 3122 2078 3193 prorsus
2143 3095 2465 3193 perfecta
2616 3136 2635 3157 ·

188 3226 615 3323 singillatim
651 3225 1078 3323 explicavit,
1118 3252 1252 3300 nec
1289 3237 1561 3314 tamen,
1601 3252 1746 3322 quo
1784 3229 2127 3301 utebatur
2162 3226 2463 3300 confuso

189 3355 649 3453 inhabilique
699 3358 1191 3431 instrumento
1240 3356 1511 3441 critico,
1566 3357 1739 3430 satis
1789 3358 2141 3452 expedire
2192 3358 2457 3452 potuit.

188 3485 550 3559 omittitur
599 3495 848 3561 autem
898 3495 1295 3583 utrumque
1339 3496 1491 3560 tam
1541 3495 1957 3559 constanter
1990 3487 2068 3557 in
2106 3486 2463 3560 iterativis

188 3612 588 3709 imperfecti
625 3617 1020 3712 aoristique
1065 3614 1317 3689 formis
1367 3625 1665 3712 tamque
1701 3641 1950 3690 eorum
1986 3616 2257 3690 rationi
2292 3642 2464 3688 con-

191 3745 582 3834 venienter,
611 3754 695 3818 ut
719 3748 1030 3834 duabus,
1059 3748 1329 3843 quibus
1363 3747 1442 3819 in
1480 3747 1854 3820 codicibus
1891 3746 2207 3819 accrevit
2243 3744 2463 3843 sylla-

188 3873 445 3961 bicum,
484 3876 691 3948 haud
735 3876 961 3949 dubie
1005 3878 1447 3950 demendum
1481 3873 1711 3950 fuerit
1747 3873 1826 3971 (Δ
1867 3877 1960 3947 78
2000 3874 2453 3958 κατελίπεσκε,

197 4002 330 4076 130
356 4002 772 4105 ἐλάβεσκον).
845 4030 982 4079 nec
1015 4004 1444 4101 reliquimus
1474 4001 1883 4103 ἀπαίρεσκον
1912 4000 1973 4075 Α
2010 4005 2179 4089 186,
2207 4005 2458 4102 ἤχεσκι

192 4126 242 4201 Δ
275 4134 445 4220 200,
496 4133 854 4207 ποιὲσκετο
891 4128 955 4206 H
1003 4136 1145 4209 119
1197 4134 1236 4206 ἓ
1283 4132 1534 4208 littera
1566 4133 1907 4206 mutilata
1942 4133 2274 4229 quamvis
2311 4157 2462 4205 non

193 4284 474 4354 prorsus
509 4260 895 4336 indefensa
942 4264 1109 4360 (vid.
1147 4266 1393 4361 Etym.
1432 4263 1542 4336 M.
1582 4288 1656 4359 p.
1698 4265 1873 4351 624,
1914 4263 2063 4359 35),
2114 4263 2463 4358 quoniam

197 4392 366 4482 quid
404 4392 830 4466 Herodotus
865 4395 1323 4467 eonsueverit
1370 4402 1680 4489 apparet
1722 4393 1802 4464 in
1836 4391 2187 4463 ποιέεσκον
2227 4394 2300 4463 Α
2339 4393 2462 4475 36,

192 4519 484 4594 ποιέεσκε
527 4517 584 4592 Δ
634 4522 728 4594 78
749 4576 770 4609 ,
820 4521 1163 4596 πωλέεσκε
1213 4525 1286 4596 Α
1342 4524 1508 4597 196.
1651 4520 1985 4621 syllabici
2033 4520 2460 4620 plusquam-
