3059 5125
557 341 775 387 XXXIV
1555 321 1843 378 Praefatio,

555 496 974 593 frequentia
1036 498 1261 571 semel
1326 500 1403 571 ni
1467 498 1687 571 fallor
1748 498 1824 594 (Δ
1876 501 2015 573 104
2067 500 2420 600 χρέωνται)
2474 500 2834 596 corrigere

560 630 944 723 antiquam
974 629 1321 701 omiserit.

761 765 813 838 d
871 790 1086 860 porro
1146 767 1468 839 codicem
1531 769 1727 861 quod
1789 791 2008 861 supra
2070 768 2392 841 indicavi
2455 771 2547 840 ab
2612 769 2833 840 initio

558 919 791 990 usque
842 898 934 967 ad
981 896 1041 967 B
1103 896 1242 968 133
1297 921 1464 968 cum
1515 895 1590 967 R
1638 893 1911 982 facere,
1962 897 2135 968 inde
2182 906 2429 969 autem
2490 923 2534 968 a
2578 898 2639 968 B
2685 897 2829 969 134

555 1050 722 1097 cum
771 1025 1020 1111 ABG,
1086 1026 1189 1096 sic
1238 1051 1327 1097 ea
1369 1050 1481 1097 res
1533 1026 2085 1121 interpretanda
2126 1035 2259 1128 est.
2347 1027 2411 1098 is
2460 1026 2683 1112 liber,
2734 1051 2831 1099 ex

555 1179 700 1248 quo
735 1156 861 1227 hic
898 1155 1125 1242 venit,
1178 1179 1344 1226 cum
1389 1165 1596 1248 parte
1652 1155 2110 1242 schedarum,
2164 1180 2352 1249 quae
2403 1157 2833 1228 continebat

553 1284 795 1378 priora
819 1282 974 1370 illa,
1002 1282 1384 1356 mutilatus
1413 1293 1636 1371 esset‚·
1659 1294 1913 1378 postea
1936 1309 2025 1357 ea
2051 1286 2333 1357 iactura
2356 1294 2694 1380 reparata
2718 1295 2833 1356 est

550 1385 644 1484 ex
684 1411 818 1485 tali
856 1412 1199 1507 exemplo
1252 1413 1471 1507 quale
1523 1438 1722 1485 nunc
1754 1414 1833 1485 R
1873 1414 2222 1486 habetur:
2272 1417 2469 1509 quod
2505 1415 2703 1487 idem
2754 1416 2829 1485 in

409 1534 419 1543 ’
551 1544 624 1613 Β
671 1542 946 1615 factum
989 1566 1210 1636 supra,
1244 1544 1840 1616 memoravimus:
1908 1544 2232 1638 itemque
2279 1569 2446 1615 cum
2498 1544 2831 1614 animad-

549 1697 836 1746 versum
875 1681 1066 1744 esset
1102 1672 1497 1743 desiderari
1550 1674 1910 1765 quaedam
1953 1673 2033 1742 in
2082 1671 2273 1745 libro
2324 1674 2587 1767 prim0‚
2636 1698 2829 1766 quae

550 1803 869 1876 vidimus
906 1802 1155 1872 dedita
1191 1825 1417 1894 opera
1445 1825 1604 1873 esse
1639 1802 1906 1887 recisa,
1958 1803 2202 1896 coepit
2252 1802 2403 1874 sive
2453 1802 2651 1874 idem
2696 1803 2828 1897 qui

549 1940 791 2003 cetera
841 1930 991 2002 sive
1038 1929 1227 2002 alius
1274 1939 1443 2024 post
1490 1929 1711 2002 illum
1761 1931 1841 2001 in
1891 1933 2225 2025 margine
2264 1930 2636 2025 supplere,
2692 1956 2831 2003 nec

548 2071 793 2132 tamen
832 2060 910 2130 in
948 2084 1035 2131 eo
1071 2061 1370 2153 negotio
1402 2068 1703 2153 propter
1752 2059 2065 2131 nimium
2116 2059 2546 2132 lacunarum
2591 2062 2832 2132 ambi-

549 2202 706 2261 tum
738 2188 936 2260 ultra
971 2192 1041 2260 A
1076 2190 1168 2260 79
1211 2190 1738 2282 perseveravit:
1781 2189 2128 2283 suppleta
2162 2198 2405 2262 autem
2441 2192 2830 2284 postmodo

545 2320 647 2405 is,
698 2319 825 2413 qui
877 2343 1090 2412 porro
1141 2318 1563 2412 descripsit,
1616 2344 1656 2390 e
1707 2320 2037 2413 margine
2090 2320 2168 2390 in
2220 2344 2434 2392 suum
2488 2344 2829 2413 quaeque
2889 2323 2909 2345 ⁶

545 2449 790 2520 locum
825 2450 1174 2542 reposuit.
1273 2449 1352 2518 in
1391 2448 1552 2542 ipsa
1587 2447 1905 2520 lectione
1945 2474 2081 2520 nec
2112 2449 2236 2519 hic
2272 2450 2498 2521 habet
2534 2459 2828 2543 praeter

546 2580 988 2672 paucissima
1051 2579 1442 2672 quicquam
1505 2578 1723 2664 boni,
1799 2580 2067 2650 menda
2131 2603 2264 2649 sua
2324 2578 2680 2674 plurima,
2742 2582 2824 2652 in

545 2708 1112 2780 correctionibus
1204 2716 1448 2779 autem
1542 2715 1699 2778 tum
1779 2710 1963 2779 duos
2046 2708 2191 2781 GP
2268 2718 2427 2780 tum
2504 2707 2821 2781 alterum

542 2848 789 2910 utrum
826 2837 1156 2909 comitari
1193 2835 1398 2908 solet.
1488 2860 1933 2931 quamquam
1987 2846 2162 2909 sunt
2205 2840 2426 2910 etiam
2466 2838 2823 2933 permulti

543 2967 688 3040 loci
736 2969 1005 3061 quibus
1065 2991 1258 3038 unus
1309 2992 1476 3038 cum
1529 2967 1678 3037 AB
1726 2963 1967 3039 facere
2020 2968 2395 3054 videatur,
2442 2969 2595 3040 sive
2654 2971 2823 3062 ipsa

543 3097 844 3191 originis
883 3105 1265 3179 vetustate,
1318 3096 1474 3167 sive
1520 3098 1716 3189 quod
1752 3096 2432 3191 Schweighaeuseri
2472 3096 2697 3192 culpa
2728 3100 2822 3169 de

550 3229 615 3299 C
659 3227 860 3297 haud
907 3225 1184 3320 ubique
1234 3222 1698 3319 exploratum
1744 3235 1874 3298 est.
1967 3252 2062 3298 ex
2114 3228 2274 3320 ipso
2326 3251 2544 3321 porro
2594 3226 2647 3298 d
2690 3230 2823 3299 de-

541 3356 894 3450 scriptum
925 3380 1083 3429 esse
1121 3358 1491 3428 Venetum
1528 3357 1566 3429 b
1606 3357 1822 3426 certis
1874 3356 2451 3449 deprehenditur
2492 3356 2815 3428 indiciis.

543 3549 626 3609 ut
661 3540 734 3608 A
780 3538 921 3609 195
960 3535 1258 3636 εἰρίνεον]
1295 3497 1601 3634 ἠρινᾶῐον
1638 3536 1707 3623 d,
1754 3536 2088 3635 ήρινεαῖον
2125 3539 2183 3611 b.
2271 3537 2410 3610 19ss
2452 3535 2634 3631 οὐδὲ]
2669 3537 2705 3607 ὃ
2742 3535 2821 3608 δὲ

540 3735 672 3810 ιϊὶῦ.
746 3735 921 3805 ibid.
958 3733 1160 3833 χρῆν]
1197 3680 1334 3832 xpi}
1372 3662 1444 3820 ff,
1482 3737 1657 3833 χρὴν
1697 3738 1757 3808 b.
1832 3734 1893 3804 B
1933 3736 2028 3815 62
2084 3733 2331 3829 κέεται]
2372 3739 2624 3806 καίεται
2674 3736 2813 3809 d2b.

545 3866 639 3937 93
677 3862 956 3962 λίμνῃσι
1008 3888 1147 3936 om.
1189 3863 1241 3934 d
1273 3863 1373 3958 (in
1411 3872 1739 3936 extrema
1773 3863 2068 3959 pagina)
2115 3872 2191 3936 et
2224 3868 2283 3937 b.
2396 3862 2447 3934 Γ
2485 3866 2580 3935 60
2632 3862 2817 3961 ὑψη-

544 3992 692 4089 λοῦ]
721 3991 980 4093 ὄρυγμα
1011 3991 1278 4091 ὑψηλοῦ
1306 3993 1381 4064 dl
1404 3993 1482 4066 in
1510 4018 1792 4080 rasura,
1819 3994 1996 4066 item
2025 3996 2062 4068 b
2091 4002 2164 4065 et
2182 3993 2505 4064 Aldina
2532 3991 2637 4087 (z).
2696 3992 2817 4066 vel

541 4145 692 4194 uno
717 4123 856 4193 hoc
882 4124 1076 4216 quod
1103 4131 1515 4196 extremum
1538 4124 1754 4218 posui
1778 4122 2120 4216 exemplo
2146 4120 2455 4216 planum
2481 4124 2585 4206 fit,
2610 4124 2819 4215 'quod

541 4251 792 4324 multis
829 4253 1106 4347 ubique
1135 4225 1420 4325 constet
1459 4253 1770 4340 indiciis,
1801 4251 1996 4325 Aldo
2024 4253 2270 4346 ipsum
2306 4256 2343 4326 b
2386 4276 2516 4345 pro
2544 4251 2819 4324 instru-

539 4390 790 4453 mento
854 4382 1196 4453 editionis
1251 4384 1341 4453 ad
1389 4406 1694 4453 manum
1744 4379 1969 4453 fuisse
1989 4437 2007 4468 ‚
2058 4405 2209 4454 non
2259 4379 2474 4452 illum
2519 4381 2813 4476 quidem

544 4510 782 4581 solum
821 4511 946 4582 sed
984 4535 1152 4582 cum
1187 4513 1477 4582 duobus
1516 4509 1705 4597 aliis,
1759 4512 1887 4605 qui
1939 4508 2146 4584 fuere
2198 4534 2279 4606 qs
2326 4520 2455 4583 aut
2500 4511 2643 4604 ipsi
2688 4520 2822 4581 aut
