3059 5125
1221 396 1516 451 Praefatio.
2441 418 2517 463 χι

255 570 514 663 species
580 569 788 644 omni
853 595 1085 665 paene
1143 568 1495 646 foeditate
1548 575 1981 646 mendorum
2044 574 2515 669 sordiumque

255 708 568 794 purgata.
665 700 946 794 primus
982 701 1161 773 hinc
1196 709 1576 796 excerptas
1612 727 1658 776 a
1690 703 1997 776 Menoto
2041 711 2119 776 et
2154 703 2517 775 Geinozio

252 825 587 902 lectiones
623 829 967 902 adhibuit
1004 829 1463 925 wesseling,
1520 833 1648 914 sed
1697 833 1899 926 turpi
1944 832 2516 908 describentium

251 957 393 1030 sive
450 982 692 1032 errore
753 957 908 1034 sive
969 961 1298 1032 socordia
1356 984 1524 1033 cum
1587 962 1872 1034 duobus
1934 959 2100 1033 aliis
2156 961 2518 1034 Parisinis

249 1083 453 1182 longe
504 1087 995 1162 deterioribus
1058 1084 1210 1162 fere
1271 1086 1629 1164 confusas.
1754 1098 1924 1185 post
1971 1088 2136 1162 illos
2184 1090 2311 1162 hic
2361 1089 2517 1163 illic

249 1215 565 1309 inspexit
599 1217 946 1305 Larcher,
997 1216 1314 1322 contulit
1361 1227 1609 1294 autem
1643 1242 1797 1292 una
1828 1243 1996 1292 cum
2031 1216 2338 1312 reliquis
2376 1220 2517 1290 Paf-

249 1344 481 1418 risinis
518 1347 864 1419 omnibus
899 1346 1000 1420 in.
1016 1370 1232 1420 usum
1254 1347 1936 1444 Schweighaeuseri
1963 1349 2185 1420 homo
2211 1371 2519 1443 graecus

254 1473 691 1570 Georgiades
762 1473 1436 1551 Thessalonicensis
1514 1477 1868 1552 mediocri
1946 1501 2082 1570 pro
2152 1478 2517 1573 dignitate

249 1579 408 1676 libri
455 1605 607 1677 fide
652 1612 728 1676 et
771 1605 1219 1678 assiduitate.
1326 1630 1460 1702 ego
1507 1630 1681 1678 cum
1729 1613 1965 1678 totum
2015 1613 2517 1703 retractassem

252 1756 309 1802 a.
353 1733 575 1818 1862,
614 1734 677 1804 si
716 1757 862 1828 qua
896 1741 1149 1827 postea.
1180 1735 1263 1808 in
1299 1735 1838 1808 dubitationem
1875 1743 2258 1822 venerunt,
2294 1758 2519 1829 opera

253 1857 565 1969 officiosa
613 1886 781 1936 cum
816 1860 1116 1936 Rudolfi
1150 1863 1667 1960 Sonnenburgi
1716 1872 1874 1936 tum
1910 1865 2232 1938 maxime
2269 1862 2519 1936 Caroli

253 1990 625 2064 Wescheri
686 1987 964 2065 factum
1024 1989 1260 2066 laetor
1315 2001 1402 2065 ut
1465 1994 1557 2066 de
1617 1994 1971 2068 memoria
2030 1993 2302 2066 codicis
2362 1993 2513 2066 iam

253 2116 453 2212 plane
489 2129 821 2194 constare
857 2121 1213 2195 videatur.
2170 2207 2183 2214 ,
2372 2211 2381 2218 q

443 2251 510 2321 5.
569 2249 646 2322 R
742 2249 1117 2321 Romanus
1181 2249 1676 2325 bibliothecae
1740 2251 2177 2340 vaticanae,
2207 2274 2512 2323 numero

262 2375 415 2464 123,
475 2373 715 2450 forma
761 2387 1036 2465 octava,
1087 2379 1596 2475 bombycinuS‚
1633 2378 1981 2453 foliorum
2019 2381 2192 2466 336,
2239 2378 2509 2453 saeculi

255 2499 451 2595 XIV,
498 2503 1010 2581 miscellaneus
1064 2498 1280 2605 (conf.
1316 2501 1712 2604 Emperius
1749 2511 1843 2581 ad
1877 2509 2100 2582 Dion.
2134 2508 2517 2607 Chrysost..

254 2660 317 2730 p.
359 2632 551 2733 791).
659 2636 917 2711 insunt
965 2639 1169 2712 haec.
1273 2638 1540 2711 Dionis
1576 2634 1903 2736 Διογένης
1947 2637 1994 2737 ἢ
2041 2641 2195 2736 περὶ
2240 2630 2509 2738 ἀρετῆς,

255 2764 568 2841 eiusdem
604 2761 934 2865 Διογένης
981 2762 1028 2864 ἢ
1079 2769 1234 2864 περὶ
1278 2767 1666 2864 τυραννίδος
1714 2764 1863 2863 (fol.
1910 2766 2155 2863 1—8)‚
2207 2776 2283 2839 et
2327 2767 2511 2838 haec

256 2892 536 2988 quidem
584 2894 971 2968 recentiori
1035 2919 1263 2967 manu
1318 2896 1625 2990 scripta:
1708 2897 1973 2968 deinde
2040 2892 2187 2991 (fol.
2230 2895 2423 2967 9—1
2444 2894 2510 2991 1)

254 3025 642 3098 sententiae
704 3022 988 3119 aliquot
1047 3025 1378 3119 poeticae
1436 3048 1530 3097 ex
1580 3023 2038 3121 Anthologia.
2086 3027 2506 3119 decerptae:

255 3160 398 3226 tum
445 3178 490 3225 a
537 3150 662 3225 fol.
712 3155 801 3227 12
854 3178 1088 3248 usque
1133 3155 1226 3225 ad
1268 3154 1494 3227 finem
1528 3153 1888 3227 Herodoti
1923 3153 2124 3241 libri,
2163 3178 2204 3226 6
2244 3154 2513 3248 quibus

259 3283 545 3378 quintus
620 3306 795 3355 casu
857 3280 1106 3378 aliquo
1168 3282 1564 3355 intercidit.
1687 3291 2117 3379 argumenta
2178 3283 2259 3355 in
2318 3307 2513 3354 mar-

258 3411 540 3504 ginibus
597 3410 964 3507 adscripta
981 3467 999 3498 ‚
1063 3436 1197 3507 per
1259 3409 1485 3484 libros
1536 3412 1575 3482 I
1624 3419 1701 3484 et
1749 3412 1829 3483 II
1892 3412 2066 3485 satis
2129 3410 2364 3484 multa
2430 3436 2513 3484 ac

260 3564 410 3611 cum
443 3540 592 3614 AB
623 3539 776 3616 fere
812 3540 1317 3637 congruentia,
1363 3542 1539 3614 inde
1575 3564 1620 3611 a
1652 3539 1845 3613 libro
1880 3540 2001 3612 III
2038 3542 2323 3613 diversa
2356 3565 2511 3614 esse

257 3667 606 3764 incipiunt
640 3679 864 3765 atque
898 3667 1170 3757 futilia,
1220 3694 1393 3743 mox
1428 3669 1663 3765 magis
1706 3670 2088 3766 magisque
2125 3694 2508 3743 rarescere.

261 3801 565 3873 versibus
597 3801 725 3873 hic
759 3798 916 3872 illic
951 3798 1231 3895 glossae
1275 3800 1432 3873 sive
1465 3824 1727 3873 vocum
1777 3798 2233 3894 singularum
2282 3800 2513 3872 inter-

262 3938 696 4021 pretamenta
729 3930 1116 4003 interiecta
1150 3937 1341 4002 sunt.
1434 3930 1723 4024 primus
1752 3927 2053 4001 contuli.

451 4060 515 4132 6.
551 4059 602 4131 d
664 4058 1136 4133 Florentinus
1169 4059 1712 4133 Laurentianae
1747 4056 1932 4152 plut.
1963 4058 2195 4130 LXX
2232 4060 2277 4131 6
2314 4056 2513 4131 foliis

265 4189 722 4263 membraneis
760 4196 1044 4261 constat
1081 4188 1228 4261 340
1259 4185 1622 4283 oblongis,
1660 4186 2135 4284 neglegenter
2170 4188 2506 4282 scriptus

269 4319 891 4413 praescriptionem
959 4318 1152 4391 hanc
1217 4318 1483 4391 habet:
1564 4311 1947 4415 Ἡροδότου
2012 4312 2514 4414 ἀλικαρνασέως

274 4440 503 4541 ἱστορία
535 4446 601 4519 ἐν
637 4446 835 4519 ἐννέα
871 4408 1252 4544 τμήμασιν·
1308 4444 1352 4517 ἃ
1402 4447 1511 4517 καὶ
1552 4449 1798 4540 μοῦσαι
1848 4443 2048 4515 καλεῖ
2079 4443 2242 4539 (leg.
2283 4443 2511 4514 καλεῖ-

271 4570 417 4669 ται)·
460 4574 543 4645 ὧν
577 4576 659 4652 τὰ
694 4574 997 4675 ὀνόματα
1033 4573 1260 4654 κλειὼ,
1342 4570 1663 4681 εὐτέρπη.
1745 4571 2005 4647 θάλεια.
2091 4571 2509 4681 μελπομένη.
