3059 5125
1156 342 1447 402 Prteffio·
2263 363 2445 410 xxm

183 546 404 598 vacua
435 528 900 608 manserunt,
937 522 1120 600 adeo
1156 528 1264 608 ut,
1311 522 1379 598 si
1413 519 1572 594 illis
1600 544 2035 607 careremus,
2073 545 2226 593 non
2259 530 2453 594 esset

182 651 475 726 omnino
509 674 664 746 quo
698 651 1101 746 genuinam
1149 675 1234 722 ae
1269 651 1588 745 priscam
1636 648 2031 726 lectionem
2078 652 2173 726 ab
2210 649 2454 724 insiti-

179 781 288 853 cia
334 782 870 874 doctorumque
922 779 1248 854 inventis
1300 778 1912 854 discerneremus:
1983 780 2181 873 quod
2232 804 2453 874 quam

178 909 321 984 late
356 917 637 1005 pateat.
685 885 882 988 infra
914 909 1319 1003 apparebit.
1411 932 1862 1003 quamquam
1897 908 2063 1001 ipsa
2096 906 2231 982 illa
2265 909 2457 982 inte-

177 1040 436 1134 gritate
506 1036 786 1114 factum
843 1047 961 1114 est
1019 1046 1105 1112 ut
1161 1036 1402 1114 multa
1459 1037 1862 1120 resederint
1911 1036 2098 1114 vitia
2154 1034 2457 1125 leviora,

181 1166 422 1263 qualia
474 1165 697 1242 facile
759 1167 1098 1262 irrepunt
1155 1175 1288 1244 aut
1349 1164 1825 1262 neglegentia
1887 1166 2455 1242 describentium

179 1307 303 1372 ant
343 1299 845 1393 importantur
891 1297 1196 1391 ineptiis
1247 1296 1707 1391 argutiisque
1755 1292 2187 1390 legentium,
2238 1294 2459 1392 longe

181 1427 313 1504 illa
372 1426 702 1523 plurima
775 1426 1174 1502 ionismum
1234 1425 1716 1520 depravantia
1733 1479 1753 1512 ,
1817 1433 1905 1498 ut
1962 1422 2232 1524 βασιλεῖ
2281 1423 2462 1498 τέλει

188 1553 468 1655 ἀληθεῖ,
526 1552 809 1654 Θρῃκῶν
828 1613 843 1639 ,
900 1563 1033 1630 aut
1069 1553 1308 1653 μέχρις
1343 1550 1563 1635 οὕτως
1600 1551 1731 1649 οὐχ
1773 1576 2291 1647 nonnusquam
2327 1577 2461 1647 pro

185 1684 376 1783 μέχρι
415 1682 596 1756 οὕτω
635 1682 778 1768 οὐκ,
810 1693 887 1758 et
921 1708 1215 1778 perraro
1251 1707 1384 1778 pro
1420 1682 1901 1760 multitudine
1940 1682 2460 1756 vocabulorum

185 1814 472 1890 hiatum
541 1811 974 1890 facientium
1043 1839 1078 1882 ν
1149 1812 1396 1890 finale.
1531 1821 1611 1886 et
1681 1810 1865 1888 talia
1932 1836 2086 1886 non
2154 1821 2463 1906 possunt

187 1967 330 2015 non
408 1943 756 2018 subnasci
831 1943 1015 2036 ipsis
1079 1943 1367 2016 vicibus
1439 1941 1909 2016 describendi
1971 1937 2323 2036 facilique
2389 1952 2465 2016 et

187 2081 341 2154 tuta
387 2096 611 2167 opera
657 2073 1146 2167 detergentur.
1240 2064 1614 2168 graviora}
1628 2070 1778 2152 alia
1827 2078 1905 2143 et
1953 2070 2121 2164 ipsa
2167 2067 2319 2144 fere
2371 2074 2461 2144 ad

189 2201 578 2284 dialectum
625 2201 1078 2300 pertinentia
1125 2209 1397 2278 temere
1445 2199 1806 2294 nulloque
1859 2207 2060 2274 certo
2110 2209 2241 2274 aut
2289 2202 2463 2278 satis

190 2331 544 2410 constanti
623 2329 936 2412 consilio
1009 2329 1249 2406 inlata
1317 2338 1526 2406 sunt:
1619 2349 1935 2425 quorum
1998 2328 2083 2404 in
2152 2353 2461 2410 numero

191 2460 520 2540 habenda
553 2460 894 2555 inprimis
929 2461 1132 2542 haud
1168 2456 1597 2554 infrequens
1631 2458 2011 2555 augmenti
2038 2457 2461 2554 temporalis

193 2592 475 2667 omissio
537 2593 1076 2685 verborumque
1141 2613 1492 2685 purorum
1543 2582 1945 2665 contractio
1963 2642 1982 2675 ‚
2043 2588 2203 2667 t‘um
2265 2589 2463 2673 color

193 2721 480 2815 quidam
515 2721 770 2815 epicus
809 2720 934 2795 hic
967 2718 1126 2797 ssh'c
1157 2743 1522 2814 aspersus,
1564 2717 1773 2795 velut
1799 2715 1852 2801 Γ
1881 2719 1978 2790 42
2025 2722 2457 2817 κεχαρηότες,

196 2847 245 2919 Δ
300 2851 388 2922 14
435 2848 771 2953 ταθνηώς,
829 2850 926 2933 26
978 2847 1334 2947 τεθνηότα.
1440 2857 1518 2920 et
1566 2848 1752 2921 haee
1803 2849 2102 2942 quidem
2150 2848 2298 2919 duo
2347 2845 2463 2918 illi

197 2977 334 3050 sibi
367 2979 516 3052 sive
552 2978 834 3051 habent
869 2978 1025 3050 sive
1058 2977 1384 3050 retinent
1419 2977 1735 3071 propria.
1904 3064 1929 3081 ο

387 3108 577 3180 Nam
643 3107 906 3181 tertius
969 3106 1298 3180 eiusdem
1360 3107 1650 3201 generis
1721 3107 1788 3178 Ο
1846 3107 2137 3180 tametsi
2203 3106 2464 3178 aetatis

200 3238 422 3331 spatio
472 3238 567 3308 ab
616 3234 766 3311 illis
818 3236 1043 3308 distat
1086 3235 1374 3307 modico
1422 3242 1499 3307 et
1533 3234 1784 3321 habet,
1838 3244 1923 3307 ut
1955 3260 2088 3330 par
2122 3243 2256 3321 est,
2293 3234 2465 3329 plu·-

202 3366 375 3443 rima
403 3390 571 3443 cum
607 3363 761 3441 iilis
798 3364 1219 3441 eommunia
1253 3372 1330 3438 et
1363 3366 1561 3441 bona
1595 3372 1671 3439 et
1706 3364 1915 3449 vitia,
1949 3365 2151 3441 haud
2185 3364 2465 3439 medio-

205 3494 300 3575 cri
332 3504 572 3577 tamen
605 3494 886 3571 recedit
921 3492 1533 3579 dissimilitudine
1567 3491 1926 3569 lectionis.
2018 3494 2101 3566 in
2154 3517 2302 3587 quo
2352 3500 2466 3567 est

207 3625 482 3718 quidem
515 3625 778 3720 aliqua
809 3621 1033 3719 culpa
1064 3622 1376 3697 librarii.
1449 3624 1578 3696 sed
1614 3623 1969 3699 attentius
2006 3623 2070 3695 si
2105 3621 2462 3716 inquiras,

205 3753 418 3829 multo
478 3755 836 3831 maiorem
893 3760 1178 3847 partem
1239 3774 1493 3829 eorum
1512 3807 1531 3840 ‚
1598 3752 1871 3847 quibus
1935 3754 2027 3824 ab
2090 3751 2464 3825 nommuui

208 3906 450 3977 genere
486 3890 889 3980 separatur,
921 3882 1240 3977 reperies
1275 3906 1429 3957 non
1462 3881 1921 3959 describendi
1956 3881 2245 3957 incuria
2268 3904 2465 3955 com-

209 4013 500 4105 missam,
533 4015 666 4089 sed
700 4038 747 4089 a
778 4035 1018 4091 manu
1042 4009 1295 4114 aliqua
1328 4011 1823 4091 emendatriee
1866 4009 2201 4087 consulto
2234 4010 2464 4085 inter-

211 4140 528 4235 polatam.
635 4142 923 4217 codices
971 4150 1220 4225 autem
1273 4140 1627 4237 quoniam
1671 4138 1951 4235 duplici
1986 4139 2273 4215 ratione
2309 4162 2465 4213 cor-

208 4273 334 4368 rigi
374 4272 728 4359 solebant,
780 4279 912 4351 aut
943 4273 1042 4345 ad
1076 4269 1502 4367 exemplum
1551 4268 1854 4355 alterius
1904 4269 2037 4365 qui
2088 4275 2466 4363 praestan-

212 4400 338 4479 tior
381 4403 776 4491 videretur,
827 4410 957 4483 aut
991 4402 1101 4481 ita
1136 4409 1223 4477 ut
1272 4410 1630 4481 corrector
1679 4423 1813 4494 pro
1864 4420 1997 4475 suo
2033 4397 2334 4493 ingenio
2378 4422 2466 4471 ae

214 4531 519 4607 doctrina
577 4540 898 4609 mutaret
955 4530 1322 4628 quidquid
1381 4553 1728 4605 mancum
1786 4538 1865 4605 et
1924 4528 2274 4605 vitiosum
2336 4533 2468 4603 aut
