3059 5125
1158 386 1451 440 Praefatio.
2326 409 2445 452 xxi

187 565 436 636 iustam
516 563 1015 636 recensionem
1097 585 1228 656 per
1307 586 1560 635 omnes
1646 562 2129 658 aequabiliter
2204 577 2447 660 partes

187 693 383 789 dirigi
419 701 815 787 oporteret.
893 692 1144 786 itaque
1181 691 1502 764 vidimus
1543 692 1671 788 qui
1706 691 2191 766 Sancroftiani
2226 696 2448 768 fidem

182 822 487 918 graviter
557 847 697 895 nec
771 821 1136 894 immerito
1215 830 1619 907 accusaret,
1699 822 2121 897 Mediceum
2200 833 2446 897 autem

187 953 294 1048 (A)
357 961 650 1047 praeter
708 961 981 1024 ceteros
1032 950 1248 1023 unice
1307 948 1758 1024 collaudaret
1776 1007 1794 1039 ,
1859 952 2057 1028 idem
2117 962 2193 1026 et
2250 953 2447 1026 illius

183 1080 571 1175 permultas
622 1079 976 1154 lectiones
1027 1103 1297 1174 easque
1347 1077 1772 1153 manifesto·
1790 1080 2268 1177 interpolatas
2328 1108 2444 1158 se-

182 1236 381 1283 curus
426 1210 783 1284 retineret
830 1219 906 1281 et
956 1209 1235 1303 opimas
1287 1233 1469 1304 quas
1518 1209 1592 1280 A
1644 1209 1935 1284 offerret
1991 1213 2214 1306 dapes
2266 1214 2449 1285 mira

182 1344 480 1435 quadam
553 1339 979 1434 insipientia
1048 1349 1577 1433 aspernaretur.
1730 1363 1928 1412 nunc
1993 1343 2291 1414 tandem
2362 1351 2446 1416 ut

182 1472 508 1544 tenebrae
561 1468 733 1542 illae
784 1469 1320 1541 discuterentur
1334 1523 1353 1554 ‚
1411 1490 1565 1540 non
1614 1464 1923 1541 feliciori
1972 1468 2221 1565 aliquo
2273 1497 2446 1544 acu-

180 1601 359 1673 mine
393 1601 742 1674 effectum
777 1607 913 1685 est,
965 1621 1221 1669 verum
1260 1597 1423 1691 ipsa
1456 1594 1789 1670 codicum
1825 1599 2089 1671 notitia
2121 1610 2196 1673 et
2234 1603 2444 1672 abso-

177 1728 388 1802 lutius
439 1727 754 1801 collecta
802 1736 878 1799 et
943 1725 1368 1822 diligentius
1419 1726 1861 1799 examinata.
1990 1754 2136 1823 quo
2196 1740 2444 1804 autem

179 1859 374 1932 citius
401 1884 486 1932 ac
512 1857 742 1930 semel
768 1855 1298 1952 perspiceretur
1325 1856 1561 1928 omnis
1590 1865 1666 1930 et
1694 1857 2146 1952 cognationis
2175 1869 2251 1932 et
2276 1884 2443 1953 pro-.—

178 1989 573 2084 pagationis
622 1987 810 2059 ratio
825 2041 844 2072 ,
897 1986 1040 2056 hoc
1089 1985 1325 2057 visum
1376 1994 1489 2058 est
1539 1983 2046 2061 delineationis
2096 1989 2442 2064 adhibere

180 2119 572 2190 artificium.

361 2250 488 2321 Ab
555 2245 693 2319 illo
761 2245 988 2341 igitur

178 2377 405 2450 codice
442 2376 682 2473 prisco
721 2400 803 2446 ac
838 2375 987 2471 pri-

179 2507 407 2595 marin,
462 2531 685 2603 quem
734 2503 986 2578 arche-

178 2650 416 2731 typum
456 2645 985 2733 parentemque

177 2765 420 2838 horum
449 2766 782 2839 omnium
804 2762 986 2838 fuis—

177 2919 244 2968 se
297 2895 693 2970 necessario
755 2895 987 2968 credi-

177 3050 325 3098 mus
374 3025 516 3122 (Ω),
593 3027 740 3100 duo
801 3049 985 3119 pau-

177 3153 366 3227 latim
396 3179 665 3251 genera
694 3151 874 3251 (ΧΨ)
903 3155 987 3226 in

180 3284 470 3357 diversas
594 3281 988 3358 diffluxere

182 3423 400 3505 partes
526 3412 983 3485 multimodis

183 3541 311 3613 iam
335 3542 518 3616 inter
536 3567 613 3617 se
636 3544 979 3637 disparia.

181 3670 274 3742 ita
318 3682 554 3746 tamen
601 3682 690 3745 ut
707 3728 727 3760 ‚
795 3697 982 3768 quae

184 3797 463 3874 alterum
506 3812 758 3875 utrum
805 3801 985 3874 vitia

185 3931 530 4015 traxisset,
681 3929 981 4004 alterius

188 4082 308 4152 ope
347 4057 551 4134 facile
589 4062 981 4157 corrigeres

191 4191 572 4286 vetustique
605 4191 808 4270 illius
863 4202 1183 4298 exempli
1232 4205 1700 4301 integriorem
1752 4207 2066 4302 speciem
2117 4206 2268 4284 fere
2318 4211 2433 4283 in-

190 4326 533 4394 staurares.
622 4336 846 4423 atque
883 4355 977 4403 ex
1016 4332 1245 4407 altero
1282 4360 1538 4408 eorum
1577 4344 1721 4409 tres
1774 4337 2036 4410 deinde
2086 4341 2430 4414 subortae

190 4460 343 4521 sunt
378 4459 829 4553 propagines,
883 4486 1193 4555 quarum
1232 4488 1456 4537 unam
1496 4464 1593 4562 (χ)
1630 4476 2186 4561 repraesentant
2231 4495 2430 4543 nunc

190 4573 337 4652 libri
383 4583 520 4656 duo
565 4589 896 4663 omnium
955 4593 1080 4686 qui
1140 4602 1403 4667 extant
1461 4595 1955 4690 antiquissimi
2006 4596 2241 4696 (AB).
2334 4625 2429 4673 ex
