3059 5125
1123 325 1505 392 —I—
2327 332 2457 394 379

149 498 363 596 φίλον
415 499 618 572 αὐτὸν
665 498 1124 600 προσθέσθαι,
1184 502 1423 597 μαθὼν
1478 507 1676 574 τοῦτο
1723 500 2044 599 ἀνετίμα,
2098 507 2459 601 σημαίνων

151 643 281 714 σφι
317 620 452 709 ὡς,
501 621 590 719 ἤν
631 646 739 716 μιν
775 620 1114 719 πολιήτην
1165 620 1486 720 σφέτερον
1535 624 1955 719 ποιήσωνται
1992 629 2129 693 τῶν
2181 621 2455 694 πάντων

152 736 659 830 μεταδιδόντες,
697 741 972 835 ποιήσει
1008 744 1250 829 ταῦτα,
1290 729 1399 812 ἐπ’
1446 738 1635 837 ἄλλῳ
1670 740 1896 836 μισθῷ
1940 730 1998 812 δ’
2047 739 2149 813 οὔ.
2216 739 2456 839 Σπαρ-

147 862 389 955 τιῆται
446 856 520 930 δὲ
569 864 809 956 πρῶτα
859 855 977 951 μὲν
1020 854 1426 939 ἀκούσαντες
1462 856 1643 944 δεινὰ
1679 858 1940 931 ἐποίευν
1976 883 2049 930 τε
2085 861 2194 930 καὶ
2229 863 2454 953 μετίε-

83 999 112 1047 5
149 1000 282 1046 σαν
339 984 468 1076 τῆς
502 977 998 1076 χρησμοσύνης
1050 978 1127 1047 τὸ
1177 976 1529 1076 παράπαν,
1586 976 1781 1058 τέλος
1831 977 1905 1050 δὲ
1962 977 2278 1072 δείματος
2328 1001 2454 1073 με·

149 1093 374 1190 γάλου
448 1093 985 1194 ἐπικρεμαμένου
1055 1100 1174 1167 τοῦ
1246 1093 1578 1194 Περσικοῦ
1648 1097 1886 1168 τούτου
1957 1098 2456 1195 στρατεύματος

148 1217 505 1285 καταίνεον
564 1213 918 1307 μετιέντες.
1031 1214 1066 1283 6
1113 1211 1187 1285 δὲ
1243 1215 1443 1310 γνοὺς
1494 1215 1990 1313 τετραμμένους
2048 1216 2261 1312 σφέας
2299 1204 2441 1287 οὐδ’

150 1329 336 1402 οὕτω
375 1330 477 1404 ἔτι
515 1330 653 1431 ἔφη
696 1330 1056 1431 ἀρκέεσθαι
1089 1334 1382 1404 τούτοισι
1422 1332 1758 1426 μούνοισι,
1813 1329 1988 1405 ἀλλὰ
2024 1335 2175 1429 δεῖν.
2198 1332 2299 1405 ἔτι
2335 1336 2451 1406 τὸν

151 1448 490 1547 ἀδελφεὸν
529 1450 786 1523 ἑωυτοῦ
814 1438 1068 1549 “Ηγίην
1123 1448 1423 1547 γίνεσθαι
1460 1449 1895 1550 Σπαρτιήτην
1947 1449 2059 1523 ἐπὶ
2109 1454 2281 1525 τοῖσι
2322 1450 2448 1523 αύ-

70 1590 115 1639 10
149 1573 324 1641 τοῖσι
364 1568 627 1665 λόγοισι
661 1571 833 1642 τοῖσι
867 1571 978 1641 καὶ
1016 1567 1217 1649 αὐτὸς
1263 1572 1535 1664 γίνεται.
1618 1576 1829 1642 ταῦτα
1876 1568 1953 1641 δὲ
1999 1569 2215 1667 λέγων
2254 1565 2449 1650 οὗτος
2480 1579 2568 1642 34

151 1686 480 1781 ἐμιμέετο
510 1681 970 1781 Μελάμποδα,
1010 1690 1108 1768 ὡς
1136 1687 1392 1761 εἰκάσαι
1424 1687 1792 1789 βασιληίην
1823 1714 1895 1760 τε
1933 1692 2045 1761 καὶ
2079 1688 2445 1788 πολιτηίην

151 1805 613 1900 αἰτεομένους.
705 1808 816 1877 καὶ
866 1806 993 1905 γὰρ
1046 1808 1133 1903 δὴ
1173 1808 1283 1879 καὶ
1321 1801 1745 1902 Μελάμπους
1779 1814 1914 1879 τῶν
1952 1808 2022 1880 ἐν
2046 1794 2290 1907 Ἀργεϊ
2323 1832 2448 1903 γυ-

148 1929 396 1994 ναικῶν
440 1925 848 2017 μανεισέων,
910 1927 1007 2005 ὥς
1064 1951 1172 2019 μιν
1227 1926 1289 1996 οί
1316 1913 1616 2024 Ἀργεῖοι
1661 1925 2066 2019 ἐμισθοῦντο
2104 1925 2178 1998 ἐκ
2214 1923 2448 1997 Πύλου

149 2046 410 2114 παῦσαι
460 2041 581 2123 τὰς
631 2043 962 2142 σφετέρας
1010 2048 1320 2141 γυναῖκας
1359 2052 1484 2144 τῆς
1517 2048 1799 2134 νούσου,
1862 2044 2101 2140 μισθὸν
2136 2047 2446 2143 προετεί-

70 2181 117 2229 ι5
148 2184 306 2232 νατο
343 2167 475 2261 τῆς
511 2159 880 2261 βασιληίης
914 2166 991 2234 τὸ
1026 2165 1257 2261 ἥμισυ.
1329 2164 1447 2235 οὐκ
1482 2160 2078 2272 ἀνασχομένωνῇδὲ
2113 2169 2248 2234 τῶν
2283 2151 2444 2262 ’Ap-

150 2283 345 2374 γείων
387 2272 545 2350 ἀλλ’
594 2275 965 2370 ἀπιόντων,
1023 2284 1120 2362 ὡς
1169 2281 1522 2375 ἐμαίνοντο
1566 2282 1853 2362 πλεῦνες
1902 2287 2037 2352 τῶν
2085 2287 2442 2378 γυναικῶν,

153 2394 325 2468 οὕτω
364 2398 456 2495 δὴ
496 2397 903 2478 ὑποστάντες
939 2398 1022 2471 τὰ
1059 2399 1095 2470 6
1133 2395 1553 2494 Μελάμπους
1595 2404 2024 2499 προετείνατο
2060 2401 2263 2499 ἤισαν
2302 2400 2445 2473 δώ·-

152 2516 376 2598 σοντές
415 2517 483 2589 οἱ
519 2519 752 2588 ταῦτα.
849 2516 886 2588 6
937 2515 1014 2589 δὲ
1063 2517 1358 2590 ἐνθαῦτα
1396 2518 1481 2617 δὴ
1521 2517 1913 2617 ἐπορέγεται
1949 2518 2161 2618 ὁρέων
2199 2517 2444 2599 αὐτοὺς

150 2635 681 2733 τετραμμένους,
723 2635 887 2732 φάς,
936 2636 1022 2733 ἢν
1063 2638 1159 2734 μὴ
1200 2636 1308 2707 καὶ
1343 2639 1443 2732 τῷ
1471 2633 1785 2735 ἀδελφεῷ
1818 2634 2058 2710 Βίαντι
2099 2636 2442 2731 μεταδῶσι

70 2768 121 2820 20
150 2754 221 2821 τὸ
254 2755 692 2852 τριτημόριον
731 2761 857 2853 τῆς
896 2753 1294 2855 βασιληίης,
1345 2753 1425 2825 οὐ
1458 2757 1766 2852 ποιήσειν
1802 2754 1885 2826 τὰ
1923 2755 2299 2857 βούλονται.
2376 2756 2443 2827 οἱ

153 2868 222 2941 δὲ
265 2858 570 2969 Ἀργεῖοι
619 2868 1108 2970 ἀπειληθέντες
1158 2872 1228 2953 ἐς
1275 2875 1525 2945 στεινὸν
1582 2872 2001 2945 καταινέουσι
2047 2875 2156 2943 καὶ
2202 2877 2434 2945 ταῦτα.

154 2989 242 3068 ὣς
275 2988 350 3060 δὲ
403 2990 516 3060 καὶ
552 2988 1008 3091 Σπαρτιῆται,
1062 2989 1333 3062 ἐδέοντο
1388 2991 1512 3090 γὰρ
1574 2991 1809 3071 δεινῶς
1855 2995 1975 3062 τοῦ
2030 2988 2432 3085 Τισαμενοῦ,
2469 3000 2556 3063 35

150 3107 414 3188 πάντως
450 3111 875 3205 συνεχώρεόν
929 3110 1012 3180 οί.
1089 3108 1682 3207 συγχωρησάντων
1738 3106 1816 3179 δὲ
1865 3111 1974 3180 καὶ
2030 3114 2239 3180 ταῦτα
2294 3116 2431 3179 τῶν

152 3221 650 3325 Σπαρτιητέων,
711 3224 891 3298 οὕτω
929 3227 1014 3325 δὴ
1051 3228 1251 3298 πέντε
1288 3252 1406 3322 σφι
1446 3229 1937 3321 μαντευόμενος
1972 3225 2242 3324 ἀγῶνας
2276 3228 2436 3309 τοὺς

70 3355 126 3408 2⁵
157 3349 497 3440 μεγίστους
532 3341 906 3439 Τισαμενὸς
942 3346 978 3415 6
1000 3332 1316 3432 Ἠλεῖος,
1372 3347 1733 3441 γενόμενος
1769 3344 2226 3444 Σπαρτιήτης,
2268 3371 2433 3443 συγ-

154 3465 501 3563 καταιρέει.
595 3469 831 3558 μοῦνοι
883 3461 958 3535 δὲ
1011 3464 1098 3562 δὴ
1149 3462 1419 3534 πάντων
1472 3458 1850 3560 ἀνθρώπων
1889 3462 2196 3559 ἐγένοντο
2247 3462 2433 3536 οὗτοι

446 3698 512 3751 τὰ
535 3698 672 3752 κατὰ
696 3696 1026 3769 Μελάμποδα
1047 3698 1133 3751 τὸν
1158 3694 1343 3751 Πύλιον
1369 3696 1545 3767 μάντιν

249 3979 293 4031 1.
332 3980 620 4051 προθέσθαι
657 3982 715 4034 R
787 3984 809 4047 11
881 3981 931 4032 2.
984 3979 1282 4049 ποιήσονται
1315 3978 1372 4030 R
1441 3979 1463 4042 11
1533 3978 1586 4031 4.
1627 3976 1884 4031 ἐποιεῦντο
1915 3974 2111 4046 καὶξΙί.
2153 3976 2362 4031 Reiske
2406 3978 2432 4048 11

211 4046 385 4117 τήεσαν
411 4054 441 4105 b
516 4053 539 4116 11
612 4053 659 4104 7.
705 4048 959 4119 μετιόντες
986 4049 1074 4101 Rb
1132 4050 1154 4113 11
1219 4046 1337 4102 οὐδὲ
1361 4046 1501 4100 ABb
1560 4048 1582 4110 11
1634 4047 1681 4098 8.
1723 4044 1856 4099 οὕτω
1886 4046 2001 4098 Rzz
2041 4042 2203 4105 οὔτως
2250 4047 2272 4111 ΙΙ
2320 4045 2426 4119 ἔφη

179 4128 222 4164 τι
243 4133 267 4167 z
308 4120 329 4184 11
377 4119 468 4185 ἔτι]
501 4118 576 4171 ἔτι
599 4118 687 4171 καὶ
711 4135 739 4169 z
784 4120 807 4182 11
854 4118 904 4168 9.
946 4115 1099 4169 αὐτοῦ
1125 4116 1205 4170 Pb
1240 4118 1262 4182 11
1297 4113 1529 4187 γενέσθαι
1554 4130 1614 4184 qz
1651 4117 1673 4180 11
1713 4115 1792 4166 12.
1834 4112 1970 4166 αἰτέο
2069 4131 2156 4173 ους
2181 4113 2421 4167 correxiz

160 4180 428 4253 αἰτεόμενος
452 4187 521 4240 L.
582 4187 876 4255 αἰτεόμενον
900 4184 1111 4239 Reiske
1169 4187 1191 4251 11
1247 4182 1388 4254 ἅργει
1413 4182 1540 4244 ΑΒ,
1572 4182 1607 4234 ἄ
1669 4200 1740 4234 ειν
1766 4183 1823 4235 R
1859 4184 1880 4246 ΙΙ
1932 4183 1951 4234 1
2000 4222 2012 4233 .
2045 4183 2309 4251 μανεισέων
2332 4200 2360 4233 z

163 4249 231 4301 14.
264 4253 407 4309 νόσου
438 4255 567 4311 CRb
639 4258 662 4320 11
731 4253 1098 4325 exponebas-roz
1168 4256 1191 4318 11
1265 4255 1343 4304 16.
1387 4250 1519 4304 ἀλλὰ
1544 4201 1667 4306 Ag(
1726 4253 1749 4316 11
1816 4248 1985 4303 πολλ’
2028 4249 2237 4308 πλεῦνες
2262 4250 2345 4303 Rz

163 4318 230 4369 Π.
266 4325 574 4393 προετείνετο
607 4322 655 4375 Ο
723 4324 746 4388 11
793 4320 1025 4391 ἤεισανὺ
1085 4324 1107 4387 11
1168 4320 1412 4379 δώσοντες
1439 4317 1571 4372 οίΒ
1628 4321 1651 4386 11
1715 4320 1794 4371 18.
1835 4317 1961 4388 ἐπορ
2127 4335 2155 4370 z
2212 4320 2234 4384 11
2285 4318 2313 4371 6
2347 4323 2425 4369 ὢν

160 4388 253 4439 ΑΒ
282 4391 303 4454 11
339 4395 419 4446 19.
458 4392 526 4443 'fv
549 4392 639 4445 καὶ
665 4393 739 4462 μὴ
766 4390 823 4443 R
867 4392 889 4455 11
935 4388 1143 4458 daem&
1167 4391 1197 4445 b
1244 4390 1266 4455 11
1315 4387 1595 4459 μεταδώσει
1620 4388 1761 4456 Rpr.
1791 4387 1821 4441 b
1866 4387 1890 4452 11
1941 4388 2023 4439 22.
2067 4389 2137 4446 ὡς
2161 4386 2274 4440 AB
2403 4384 2429 4455 11

159 4455 234 4507 καὶ
255 4474 350 4512 om.
379 4460 438 4513 R
483 4426 508 4526 11
557 4462 643 4514 23.
685 4459 852 4513 πάντα
876 4457 1131 4512 Schaefer
1176 4459 1199 4523 11
1247 4459 1328 4510 25.
1368 4455 1546 4527 ηλεῖος
1570 4456 1695 4520 ΑΒ,
1722 4453 1898 4525 ὴλεῖος
1923 4452 2031 4508 PR
