3059 5125
1143 340 1431 400 Praefatio.
2308 363 2440 409 va

172 515 327 595 ‘nisi
364 523 641 596 codices
678 510 1124 594 addicerent'
1140 575 1160 607 ,
1212 523 1363 608 sed,
1416 521 1548 616 qui
1585 532 1761 594 tunc
1797 529 1953 593 erat
1987 523 2249 594 horum
2285 531 2439 593 stu-

176 652 442 725 diorum
501 660 737 725 status
750 707 770 739 ,
832 675 984 724 non
1011 647 1019 656 ’
1045 650 1254 745 potui
1314 674 1467 723 non
1530 648 1867 724 alacriter
1926 674 2089 724 eam
2148 650 2435 747 ingredi

175 782 352 853 viam
369 836 390 867 ,
455 806 681 877 quam
731 789 899 876 post
947 779 1330 853 temeraria
1369 779 1719 875 irritaque
1769 804 2038 875 magna
2084 804 2179 852 ex
2232 789 2439 875 parte

169 908 524 985 Schaeferi
559 911 947 984 conamina
995 909 1274 1004 primus
1321 907 1806 982 saluberrimo
1849 909 2194 1004 exemplo
2230 933 2440 981 mon-

167 1048 506 1114 straverat
534 1039 621 1112 C.
651 1041 740 1111 L.
772 1038 1133 1126 Struve,
1169 1063 1347 1111 mox
1372 1038 1474 1111 H.
1507 1038 1742 1110 Lhar
1757 1040 1861 1135 dy
1897 1047 2192 1111 strenue
2227 1040 2438 1134 sequi

168 1179 596 1263 perrexerat,
635 1166 1080 1241 Guilielmus
1117 1177 1364 1241 autem
1398 1165 1807 1240 Dindorf
1846 1168 2124 1263 primus
2161 1169 2255 1240 ad
2289 1167 2439 1240 cal-

166 1324 312 1371 oem
367 1322 608 1394 mque
657 1305 1110 1393 percurrerat
1127 1352 1146 1384 ,
1210 1320 1378 1368 cum
1430 1298 1686 1369 eodem
1728 1294 1881 1369 fere
1931 1321 2078 1392 quo
2131 1305 2439 1392 uterque

165 1425 444 1500 illorum
517 1438 851 1522 tempore
917 1427 1001 1498 F.
1054 1427 1116 1498 I.
1171 1425 1254 1498 C.
1308 1426 1822 1499 Bredovius
1898 1423 2284 1521 diligentia
2356 1449 2440 1498 ac

166 1554 395 1629 labore
428 1556 660 1652 plane
696 1552 1104 1628 admirabili
1137 1555 1218 1627 in
1253 1579 1506 1628 omnes
1555 1563 1798 1648 partes
1848 1556 2171 1629 muniret
2205 1579 2438 1650 eaque

168 1697 504 1759 sterneret
538 1683 1048 1772 fundamenta,
1102 1684 1369 1779 quibus
1406 1685 1605 1758 idem
1641 1709 1824 1786 opus
1860 1685 1989 1780 qui
2024 1694 2280 1779 postea
2312 1686 2440 1756 ad·

166 1817 598 1909 grederetur‚
627 1815 962 1910 quamvis
989 1811 1329 1909 ampliori
1350 1811 1778 1908 meliorique
1803 1813 2289 1887 instrumento
2314 1816 2442 1886 ad-

166 1943 370 2030 iutus,
397 1954 906 2040 superstruere
933 1945 1250 2016 deberet.
1320 1943 1573 2039 itaque
1608 1944 1702 2016 ad
1734 1943 1955 2016 huius
1980 1944 2441 2038 potissimum

168 2081 543 2169 praecepta
606 2074 962 2168 refingere
1036 2075 1355 2145 conabar
1424 2072 1829 2145 orationem
1890 2075 1983 2145 ad
2045 2097 2206 2145 eam
2268 2098 2470 2179 con-t

173 2204 604 2276 venientium
623 2257 643 2289 ,
706 2226 926 2298 quam
973 2201 1344 2297 requirere
1395 2201 1779 2275 videbatur
1828 2202 2015 2275 tanti
2075 2202 2441 2297 scriptoris

173 2331 489 2427 dignitas.
583 2356 725 2404 nec
760 2355 931 2404 vero
968 2356 1166 2404 eram
1218 2339 1380 2403 tum
1423 2330 1709 2403 nescius
1754 2341 1884 2406 aut
1919 2330 2248 2404 celabam
2283 2330 2438 2404 fore

175 2471 250 2532 ut
278 2460 674 2557 aliquando
709 2462 800 2532 de
830 2468 1118 2534 vetusta
1149 2459 1480 2532 codicum
1515 2460 1869 2533 memoria
1900 2459 2163 2534 melius
2199 2462 2439 2534 edocti

175 2591 256 2662 de
285 2589 534 2666 multis
589 2589 826 2679 aliter,
893 2614 1115 2686 quam
1163 2599 1324 2663 tum
1359 2591 1524 2663 fieri
1569 2599 1880 2684 poterat,
1932 2599 2436 2663 statueremus.

176 2721 535 2813 quodiam
570 2745 829 2815 reapse
879 2719 1207 2792 evenisse
1256 2721 1627 2815 profiteor.
1721 2721 2020 2807 etenim,
2071 2729 2158 2792 ut
2190 2721 2441 2814 paucis

174 2851 772 2945 comprehendam
808 2872 997 2944 quae
1032 2872 1231 2921 nunc
1265 2849 1524 2935 sentiO,
1576 2851 1775 2944 quod
1816 2847 1927 2921 illi
1960 2847 2442 2943 multiplicem

174 2974 554 3052 formarum
619 2979 1045 3052 varietatem
1107 2979 1202 3050 ad
1249 2977 1585 3050 codicum
1649 2978 2068 3052 testimonia
2127 2979 2437 3075 exquiri,

178 3130 492 3204 quaeque
555 3116 635 3181 et
692 3107 981 3203 saepius
1042 3107 1567 3180 exhiberentur
1629 3116 1706 3181 et
1763 3108 2033 3180 rationi
2093 3108 2443 3181 sermonis

179 3236 714 3311 convenientius
733 3290 752 3324 ‚
828 3260 951 3310 eas
1024 3260 1160 3332 pro
1236 3235 1424 3309 veris
1497 3236 1821 3333 ratisque
1897 3237 2156 3309 haberi
2232 3236 2442 3311 volu-

179 3378 396 3453 erunt,
431 3376 510 3441 et
543 3365 882 3440 fecerunt
914 3367 1313 3461 prudenter
1345 3390 1482 3438 nec
1516 3365 1674 3438 sine
1710 3390 2060 3461 prospero
2096 3376 2442 3462 certoque

180 3502 452 3569 eventu.
540 3496 782 3569 eidem
828 3497 1025 3591 quod
1070 3493 1305 3568 multa
1338 3495 1535 3570 varie
1571 3496 1888 3591 figurata
1930 3498 2025 3569 ad
2057 3497 2437 3581 unitatem,

181 3623 519 3697 nonnulla
607 3625 830 3698 etiam
915 3632 1203 3720 praeter
1294 3624 1578 3697 codices
1678 3626 1772 3698 ad
1869 3625 2172 3698 rationis
2271 3650 2444 3698 con-

182 3754 608 3827 venientiam
642 3755 1107 3849 redegerunt,
1156 3777 1311 3826 non
1358 3762 1534 3826 sunt
1566 3754 1992 3827 temeritatis
2030 3756 2438 3827 accusandi.

182 3883 294 3954 sed
318 3883 395 3956 in
419 3881 550 3956 illo
580 3882 874 3978 decepit
900 3906 1024 3955 eos
1051 3906 1269 3977 saepe
1296 3879 1485 3955 falsa
1512 3891 1644 3956 aut
1668 3907 1931 3956 manca
1956 3885 2047 3956 de
2076 3882 2445 3956 codicibus

183 4013 478 4085 narratio
523 4020 659 4085 aut
700 4036 922 4107 quam
964 4013 1385 4108 ignorarent
1429 4011 1897 4107 interpolatio
1942 4021 2446 4100 correctorum,

185 4137 256 4209 in
298 4140 434 4214 hoc
497 4142 723 4215 studii
773 4143 1089 4237 quodam
1151 4139 1435 4215 fervore
1483 4143 2225 4239 membranarumque
2274 4167 2447 4215 con-

189 4274 454 4364 temptu
477 4269 774 4367 longius
800 4271 1157 4367 progressi
1182 4279 1376 4344 sunt.
1433 4270 1687 4365 itaque
1714 4295 1922 4344 meae
1948 4295 2148 4344 nunc
2183 4296 2446 4366 operae

189 4397 397 4470 maior
429 4424 596 4494 pars
631 4399 712 4473 in
748 4402 1027 4473 tuenda
1061 4424 1283 4494 quam
1315 4400 1395 4472 in
1428 4402 1785 4473 mutanda
1817 4398 2129 4474 lectione
2165 4403 2448 4474 Arche—-

192 4526 335 4620 typi
387 4526 530 4602 fuit
547 4585 567 4618 ,
643 4538 876 4624 utque
932 4529 1134 4627 haud
1195 4553 1429 4623 pauca
1487 4530 1714 4605 etiam
1788 4553 1987 4603 nunc
2059 4554 2227 4603 cum
2302 4529 2448 4602 illis
