3059 5125
1060 1193 1651 1269 ΣΧΟΛΙΑ

224 1537 386 1593 Tom.
426 1537 469 1590 Ῐ.
2359 1537 2406 1596 Α

185 1645 253 1707 p.
317 1633 379 1701 7,
423 1632 491 1687 17
550 1616 782 1697 δἈτυς
822 1617 992 1697 οὗτος
1029 1622 1133 1689 καὶ
1193 1623 1386 1698 Λυδὸς
1425 1617 1667 1712 ὕστερος
1718 1621 1944 1712 Τρώων
1992 1622 2211 1714 μάχης.

547 1711 645 1773 A²
674 1711 769 1774 B2
798 1712 917 1775 Μ
1704 1729 1711 1735 ·
2327 1735 2382 1777 c.
2440 1723 2471 1777 7

271 1818 374 1891 16,
413 1819 485 1875 21
548 1809 807 1896 ἀνακῶς]
844 1815 1179 1899 ἐπιμελῶς,
1238 1818 1638 1901 φυλακτικῶς.
1692 1816 1787 1879 B3
2395 1822 2475 1879 24

264 1922 375 1992 21,
411 1923 448 1978 9
539 1914 881 2003 σπερχθεὶς]
925 1909 1145 2004 ριφείς,
1198 1919 1523 2003 λυπηθείς,
1570 1919 1939 2006 ταραχθείς,
1974 1921 2195 2003 θυμω-
2396 1924 2473 1980 32

548 2019 697 2092 θείς.
747 2021 864 2084 Αἳ.
913 2020 1277 2108 ταραχθείς,
1332 2021 1656 2106 θυμωθείς.
1710 2023 1803 2086 B²

266 2127 378 2200 22,
419 2129 492 2185 15
540 2114 712 2208 ἄτην]
759 2122 1001 2208 ζημίαν.
1054 2126 1120 2186 Α

265 2230 375 2304 27,
411 2232 446 2287 4
538 2217 668 2311 ἤια]
719 2221 1156 2312 παρεγενόμην.
1203 2228 1268 2290 Β
2391 2233 2471 2293 42

416 2334 494 2391 22
539 2329 1008 2415 περιημεκτέων]
1047 2331 1382 2416 δυσφορῶν.
1437 2331 1542 2394 B²
2392 2339 2473 2397 44

268 2439 375 2510 33,
418 2439 490 2494 10
539 2428 611 2497 σὺ
644 2430 750 2516 μὲν
782 2423 834 2494 ὦ
866 2428 1091 2518 Κροῖσε
1119 2438 1207 2519 τῷ
1256 2433 1319 2497 ἐν
1360 2433 1616 2521 Δελφοῖς
1657 2433 2006 2522 χρηστηρίῳ
2052 2436 2217 2522 θαρ-
2396 2443 2474 2498 53

550 2529 738 2623 ρήσας
767 2531 921 2601 κατὰ
941 2540 1048 2601 τοῦ
1071 2531 1278 2624 Κόρου
1308 2533 1661 2624 ἐξώρμησας
1683 2559 1698 2574 ·
1733 2532 1766 2603 ὃ
1800 2535 1867 2603 δὲ
1898 2535 2096 2625 Κῦρος
2117 2534 2219 2603 τὸν

547 2640 820 2724 μέγιστον
863 2636 1175 2727 προφήτην
1231 2637 1461 2726 Δανιὴλ
1511 2638 2071 2727 μετακαλεσάμενος
2116 2640 2220 2707 καὶ

548 2740 857 2829 ἐρωτήσας
898 2741 1002 2807 καὶ
1034 2740 1246 2828 μαθών
1277 2745 1338 2816 ἐξ
1369 2741 1555 2810 αὐτοῦ
1597 2738 1691 2810 ὅτι
1721 2770 1790 2810 σε
1833 2743 1937 2810 καὶ
1974 2740 2221 2831 ἡττήσει

546 2843 649 2910 καὶ
683 2842 1067 2934 αἰχμάλωτον
1099 2843 1384 2934 λήψεται,
1416 2843 1518 2912 τὸν
1547 2845 1695 2934 πρὸς
1726 2847 1795 2914 σὲ
1825 2843 2219 2935 συνεκρότησε

546 2943 847 3034 πόλεμον,
892 2948 994 3015 καὶ
1034 2945 1066 3014 ὃ
1100 2949 1206 3034 μὲν
1239 2949 1333 3015 σοὶ
1365 2949 1565 3024 δοθεὶς
1605 2948 1879 3039 χρησμὸς
1920 2946 2212 3037 ἐψεύσθη,

546 3047 586 3139 ἡ
621 3052 687 3117 δὲ
729 3058 833 3118 τοῦ
865 3050 1095 3139 Δανιὴλ
1123 3053 1456 3140 προφητεία
1486 3050 1813 3141 ἠλήθευσε.
1865 3054 1933 3117 R

267 3162 374 3235 34,
416 3162 490 3218 16
539 3154 756 3229 Πίνδος
784 3151 956 3229 πόλις
984 3153 1052 3221 τὸ
1083 3161 1184 3221 νῦν
1218 3156 1414 3243 μέρος.
1468 3180 1508 3241 q
2396 3165 2475 3222 56

266 3265 374 3337 41,
418 3266 439 3319 1
537 3255 809 3345 χρησμὸς
841 3261 904 3323 ἐν
934 3260 1055 3332 τοῖς
1086 3258 1335 3344 Θησέως
1366 3259 1515 3345 βίοις
1548 3255 2017 3348 ἀναφερόμενος.
2395 3270 2473 3325 65

530 3354 770 3449 Ὄλβιος
802 3355 970 3435 οὗτος
1001 3358 1155 3449 ἀνὴρ
1181 3355 1252 3435 ’ὸς
1281 3368 1384 3427 νῦν
1415 3359 1569 3428 κατὰ
1603 3357 1806 3428 λάϊνον
1830 3359 2007 3429 οόδόν

545 3464 772 3552 Φοίβου
794 3460 1162 3539 Ἀπόλλωνος
1191 3462 1558 3553 χρηστήριον
1590 3467 2016 3554 εἰσαναβαίνει.

528 3559 800 3634 Ἤλυθεν
830 3565 1110 3655 εὐνομίην
1145 3565 1458 3655 διζήμενος
1477 3619 1496 3649 ,
1534 3565 1725 3656 αι’)τάρ
1753 3564 1879 3655 ἐγώ
1906 3594 2000 3636 τοι

546 3666 739 3737 Δώσω
770 3664 844 3757 ἦν
877 3668 984 3737 οὔκ
1016 3664 1173 3758 ἄλλη
1205 3672 1566 3760 ἐπιχθονίων
1610 3668 1782 3746 πόλις
1819 3673 1956 3745 ἕξει.
1993 3676 2061 3738 Δ

265 3781 373 3853 46,
411 3781 446 3837 5
538 3769 813 3861 ἀναξυρὶς
844 3776 1120 3841 καλεῖται
1146 3772 1214 3840 τὸ
1254 3771 1604 3862 δερμάτινον
1636 3770 1941 3863 ὑπόδημα.
1988 3778 2217 3864 πρῶτοι
2394 3789 2467 3845 71

545 3876 614 3942 δὲ
647 3875 881 3965 Πέρσαι
921 3878 1390 3966 καταδεδείχασι
1431 3884 1702 3946 τοιαῦτα.
1753 3881 1813 3944 οἱ
1839 3876 1955 3966 γὰρ
1969 3872 2214 3967 Ἕλλη-

545 4006 641 4055 νες
691 3978 759 4046 τὸ
801 3979 938 4068 πρὶν
968 3981 1231 4055 πεδίλοις
1276 3983 1546 4070 ἐχρῶντο
1592 3972 1633 4047 ἃ
1663 3977 1735 4047 οὔ
1780 3977 2025 4049 σκύτινα
2055 3978 2215 4049 ἀλλὰ

545 4083 712 4150 λίνεα
741 4079 781 4170 ἢ
813 4081 1007 4170 εἴρινα
1042 4133 1056 4149 .
1098 4134 1112 4150 .
1157 4134 1169 4149 .
1213 4134 1227 4150 .
1265 4086 1540 4172 λέγουσιν
1583 4079 1666 4158 ὡς
1712 4082 2055 4171 ἀναξυρίδες
2100 4084 2217 4153 εἰσὶ

543 4183 619 4252 τὰ
645 4185 812 4274 παρὰ
825 4178 1089 4275 (Ἕλλησι
1118 4187 1338 4276 βρακία
1377 4184 1690 4275 λεγόμενα.
1747 4189 1880 4253 BR

332 4465 417 4517 71.
458 4467 507 4514 3.
534 4460 569 4532 ἢ
598 4493 661 4502 --
688 4462 759 4522 ὡς
784 4469 840 4516 et
864 4462 959 4515 εἰσὶ
983 4479 1089 4516 om.
1122 4464 1179 4517 R
