3059 5125
1229 338 1520 394 Praefatio.
2404 361 2519 404 mx

230 516 350 584 σῦν
389 516 460 584 A
504 513 644 586 43:
702 538 840 587 nec
873 517 1107 611 magis
1148 518 1378 614 μικρός
1413 517 1539 588 hic
1572 514 1735 588 illic
1785 541 1919 611 pro
1955 518 2232 615 σμικρός
2266 517 2522 589 decur—

230 650 474 713 tatum
534 643 764 736 idque
824 646 1146 717 maxime
1209 654 1376 739 post
1436 670 1649 718 voces
1706 670 1747 717 σ
1804 644 2022 717 litera
2069 645 2515 717 terminatas

232 772 362 842 sed
393 765 704 851 Μίκυθος
737 768 798 841 H
837 772 978 845 170
1017 773 1353 869 quamvis
1390 775 1483 846 ab
1519 775 1775 846 eadem
1815 775 2042 868 stirpe
2078 775 2517 868 productum

232 924 387 972 non
439 900 589 971 iam
640 897 927 973 infesto.
1033 900 1385 1002 συμβουλή
1438 905 1507 974 A
1555 904 1720 974 157.
1765 900 1817 974 Γ
1862 903 1928 987 1,
1985 904 2309 976 crebrius
2346 929 2518 997 συμ-

235 1028 501 1128 βουλίη,
559 1054 1007 1125 quamquam
1043 1031 1185 1102 hoc
1219 1032 1452 1126 magis
1488 1030 1776 1126 placuit
1811 1032 2192 1105 correctori
2236 1033 2301 1104 O
2345 1031 2515 1126 (vid.

237 1155 291 1228 Γ
340 1158 431 1251 1),
470 1156 663 1230 illud
703 1158 851 1230 PR
883 1155 1307 1253 praeferunt
1343 1159 1513 1254 (vid.
1548 1157 1611 1231 H
1649 1162 1763 1233 15.
1805 1161 1969 1233 115.
2011 1158 2062 1232 Θ
2110 1162 2275 1233 101.
2326 1159 2517 1254 103).

233 1285 454 1358 nullo
489 1289 584 1359 ad
617 1312 914 1362 sensum
949 1289 1373 1361 discrimine
1409 1286 1758 1384 leguntur
1792 1285 2126 1386 ἀδυναμίη
2170 1286 2221 1359 Θ
2270 1291 2401 1361 111
2448 1299 2525 1361 et

234 1412 566 1513 ἁδυνασίη
623 1413 678 1487 Γ
716 1418 834 1489 79.
891 1413 953 1487 H
1002 1417 1182 1490 172:
1241 1417 1494 1513 μαζούς
1543 1418 1603 1489 Β
1657 1420 1776 1490 85.
1832 1414 1886 1488 Δ
1938 1419 2110 1489 202.
2180 1414 2205 1488 l
2254 1419 2395 1490 112
2447 1428 2525 1491 et

237 1548 501 1636 μαστοῦ
542 1541 594 1615 Γ
633 1545 798 1631 133,
829 1552 1100 1638 μαστῶν
1135 1542 1192 1617 Ε
1231 1547 1343 1619 18.
1412 1546 1552 1644 ῥιψί
1578 1543 1631 1616 Δ
1666 1547 1786 1633 71,
1825 1548 2002 1646 ῥίπεῖ
2026 1546 2233 1633 Β96,
2264 1571 2517 1619 verum

234 1671 430 1744 illud
480 1698 526 1744 a
575 1673 651 1745 R
698 1683 1104 1752 correctum
1176 1676 1312 1770 pro
1371 1673 1734 1758 tralaticio
1786 1675 1987 1772 ρίψεϊ,
2060 1663 2257 1770 (1ιίοά
2321 1676 2520 1746 haud

231 1801 450 1895 peius
500 1803 842 1875 emendes
895 1804 1134 1901 ῥίπεσι.
1227 1779 1425 1877 idem
1474 1802 1603 1876 ille
1648 1803 1895 1876 nescio
1945 1828 2041 1874 an
2083 1813 2277 1876 recte
2328 1801 2381 1874 Δ
2424 1805 2519 1876 76

232 1930 617 2026 expulerit
653 1928 839 2004 ἔθεσι
874 1932 1098 2005 nimis
1134 1956 1310 2007 sane
1347 1935 1717 2006 desertum
1734 1924 1836 2004 ‘in
1870 1940 2077 2005 tanta
2112 1932 2311 2005 vocis
2346 1931 2519 2031 ἦθος

229 2059 675 2155 frequentia.
783 2059 1153 2157 στεφάνους
1203 2060 1255 2133 Ζ
1305 2063 1441 2148 69,
1495 2057 1547 2132 Θ
1588 2062 1684 2135 26
1739 2039 2111 2157 στέφανον,
2163 2070 2240 2133 at
2278 2059 2328 2132 θ
2377 2061 2516 2133 118

231 2189 499 2289 χρυσέῃ
547 2186 872 2286 στεφάνη.
964 2186 1020 2259 Δ
1063 2190 1206 2263 183
1257 2191 1549 2289 σαύρους
1592 2189 1758 2285 plus
1802 2190 2031 2263 habet
2077 2190 2253 2263 fidei
2301 2214 2520 2285 quam

233 2320 526 2417 σαύρας,
594 2328 673 2389 at
731 2315 785 2388 Δ
847 2319 987 2391 192
1049 2318 1207 2417 τῇσι
1257 2319 1550 2418 σαύρῃσι
1612 2318 1944 2391 omnium
2006 2328 2292 2392 constat
2350 2319 2517 2391 fide.

233 2449 446 2543 φόνος
481 2443 546 2518 Η
593 2445 776 2532 170,
826 2448 1032 2543 φόνον
1083 2442 1109 2518 1
1154 2449 1288 2533 17,
1343 2457 1421 2520 at
1462 2450 1618 2547 τῇσι
1656 2447 1903 2546 φονῇσι
1954 2442 1979 2517 l
2023 2449 2141 2521 76.
2235 2457 2524 2543 praeter

232 2578 282 2674 ἡ
319 2573 577 2675 τάφρος
623 2598 768 2650 usu
813 2573 1156 2672 frequens
1208 2576 1474 2675 τάφρης
1518 2574 1573 2648 Δ
1614 2578 1710 2650 28
1763 2584 2218 2651 commentus
2269 2586 2381 2652 est
2422 2579 2520 2663 R,

231 2707 367 2780 sed
400 2703 665 2804 τάφρην
702 2702 758 2775 Δ
795 2707 936 2781 201
982 2716 1059 2779 et
1091 2705 1243 2779 AB
1277 2714 1642 2779 testantur
1686 2715 1783 2794 et,
1837 2707 2032 2802 quod
2081 2707 2306 2780 etiam
2354 2706 2522 2801 plus

233 2833 438 2909 valet
453 2889 473 2921 ,
549 2833 845 2908 lexicon
903 2835 1354 2909 rhetoricum
1417 2837 1615 2930 quod
1677 2837 2070 2930 exscripsit
2117 2836 2379 2909 Suidas
2441 2837 2522 2908 in

232 2964 494 3060 τάφρος
542 2964 624 3035 in
683 2966 941 3037 ceteris
1004 2965 1347 3037 mendose
1412 2963 1530 3036 vel
1587 2966 2059 3038 mendosum:
2137 2966 2249 3036 καὶ
2290 2964 2516 3062 τάφρη

227 3077 399 3188 παρ’
431 3078 796 3190 τΗροδύτιρ
831 3090 1130 3190 θηλυκόν
1149 3115 1163 3130 ·
1204 3089 1556 3191 ὀρύξαντες
1587 3091 1850 3191 τάφρην
1874 3090 2117 3192 εύρὲην
2150 3091 2517 3165 ἐπέτειναν.

232 3219 470 3316 igitur
516 3245 614 3293 ne
666 3218 952 3319 ψάμμης
1019 3222 1317 3316 quidem
1367 3217 1421 3291 Δ
1483 3222 1616 3294 181
1690 3230 1988 3316 propter
2049 3221 2523 3295 solitudinem

230 3350 893 3423 condemnandum.
975 3349 1168 3448 πάθη
1210 3377 1293 3423 ac
1326 3349 1569 3432 πάθος,
1608 3349 1827 3422 πάθαι
1863 3376 1947 3423 ac
1981 3349 2207 3422 πάθεα
2243 3350 2516 3445 pariter

228 3476 820 3573 frequentantur.
913 3476 1171 3578 ὄνειρος
1217 3481 1289 3551 A
1344 3479 1439 3551 34
1498 3477 1903 3552 masculino
1952 3504 2255 3576 genere,
2307 3481 2380 3549 A
2422 3479 2517 3551 39

232 3616 524 3695 neutro,
563 3608 881 3680 crebrior
915 3609 1171 3681 eadem
1208 3608 1513 3682 variatio
1558 3619 1636 3681 et
1672 3609 1884 3703 quasi
1923 3609 2118 3682 vices
2154 3607 2523 3681 alternans

237 3734 302 3807 H
355 3737 674 3809 14—18.
764 3734 1025 3808 στάδιοι
1061 3745 1137 3808 et
1171 3734 1426 3819 στάδια,
1483 3762 1674 3832 quae
1719 3740 1932 3811 docet
1980 3737 2061 3809 in
2105 3737 2356 3810 Photii
2394 3762 2522 3810 ex-

231 3866 504 3959 cerptis
549 3864 814 3939 Aelius
865 3865 1267 3961 Dionysius
1319 3865 1535 3938 iuxta
1582 3863 1810 3939 fuisse
1859 3866 1941 3939 in
1990 3890 2131 3939 usu
2150 3921 2169 3953 ,
2229 3866 2526 3961 Thucy-

229 3996 482 4067 didem
544 4002 795 4067 autem
869 4000 1159 4088 praeter
1236 4018 1466 4070 unum
1545 3992 1790 4067 locum
1866 3994 2146 4091 ubique
2218 3994 2524 4072 σταδίους

229 4124 638 4218 scripsisse,
690 4123 1106 4196 Herodotus
1157 4124 1320 4217 pari
1371 4124 1641 4197 habuit
1673 4123 1855 4197 loco.
1948 4124 2167 4197 venio
2218 4124 2311 4194 ad
2360 4146 2521 4194 eam

230 4254 527 4351 generis
566 4253 1065 4326 diversitatem
1095 4276 1294 4347 quae
1328 4250 1639 4325 articulo
1673 4262 1748 4325 et
1783 4253 2077 4350 syntaxi
2127 4251 2515 4326 indicatur.

231 4386 305 4457 A
348 4384 442 4457 92
483 4386 624 4453 τῶν
661 4383 895 4453 κιόνων
937 4382 1004 4452 αἱ
1037 4378 1318 4463 πολλαί,
1379 4378 1432 4451 Δ
1478 4382 1619 4453 184
1672 4383 1784 4452 τὸν
1830 4385 2014 4453 κίονα
2050 4386 2168 4451 τοῦ
2206 4378 2516 4479 οὐρανοῦ.

225 4538 366 4587 nec
403 4514 1024 4605 obtemperassem
1060 4510 1450 4608 corrigenti
1480 4510 1555 4581 R
1584 4510 1902 4605 μεδίμνου
1929 4497 1945 4523 '
1964 4507 2244 4582 Αττικοῦ
2274 4511 2346 4581 Α
2373 4508 2513 4581 192
