3059 5125
605 323 736 388 444

609 510 964 582 cerpserat,
1026 501 1452 583 quadraginta
1508 502 1700 564 annis
1762 515 1915 586 post
1954 502 2509 566 Ruhnkenius
2564 504 2635 564 in
2675 502 2851 566 lucem

608 611 914 675 excitavit
965 610 1210 676 Timaei
1235 612 1571 696 Sopht'stae
1604 610 1713 678 Ἐκ
1743 619 1860 679 τῶν
1890 620 1994 679 τοῦ
2028 609 2353 687 Πλάτωνος
2383 615 2620 692 λέξεων,
2652 616 2851 678 deinde
2880 617 2891 626 “

609 722 1030 787 Villoison
1096 723 1425 807 Apollonii
1485 724 1818 810 Sophiam
1884 723 2127 799 Αεξικὸν
2204 723 2361 791 κατὰ
2426 727 2714 813 στοιχεῖον
2766 732 2852 811 τῆς

604 830 857 909 Ἰλιάδος
923 835 1026 900 καὶ
1078 832 1423 910 Ὀδυσσείας
1443 886 1463 915 ,
1556 836 1863 923 pleraque
1928 838 2214 922 denique
2281 838 2529 922 reliqua
2594 839 2855 902 exhausit

607 947 1054 1012 Immanuel
1129 948 1552 1013 Bekkerus
1628 950 2009 1014 Anecdoton
2084 950 2486 1014 Graecorum
2556 952 2853 1015 volumine

606 1059 813 1143 primo
859 1071 1052 1143 atque
1097 1082 1176 1124 ex
1221 1071 1402 1145 pane
1445 1071 1595 1146 post
1635 1062 1823 1126 illum
1882 1061 2171 1146 explevit
2212 1063 2520 1146 idemque
2563 1061 2849 1124 membra-

607 1193 726 1233 nas
791 1171 963 1256 ipsas
1009 1173 1308 1236 adcurate
1367 1173 1709 1258 descripsit
1774 1173 2249 1238 Ludovicus
2310 1174 2850 1238 Bachmannus

607 1282 862 1345 duobus
928 1284 1310 1348 Anecdoton
1375 1285 1771 1350 Graecorum
1836 1287 2303 1351 voluminibus,
2420 1288 2492 1349 in
2559 1307 2637 1349 eo
2689 1284 2853 1366 igitur

607 1395 825 1457 codice
880 1394 1035 1458 inde
1091 1418 1129 1459 a
1171 1395 1328 1459 folio
1383 1404 1496 1460 165
1560 1420 1743 1463 verso
1801 1420 2009 1482 usque
2064 1399 2147 1461 ad
2190 1398 2422 1462 folium
2479 1405 2593 1460 167
2642 1407 2851 1460 rectum

606 1505 915 1588 leguntur
973 1505 1168 1570 haece
1237 1530 1397 1592 quas
1462 1510 1631 1574 infra
1684 1511 1873 1595 posui
1902 1505 2237 1598 Ἡροδότου
2323 1512 2533 1583 λέξεις.
2627 1531 2664 1572 e
2724 1507 2851 1591 qui-

605 1619 730 1681 bus
795 1640 941 1682 cum
1008 1642 1047 1682 a
1101 1620 1566 1686 Montfaucone
1629 1624 1873 1706 primae
1940 1644 2235 1706 quaeque
2304 1633 2517 1706 partes
2583 1619 2851 1704 singulu-

607 1752 742 1793 rum
812 1730 1122 1795 librorum
1195 1733 1523 1798 exhibitae
1592 1745 1838 1812 essent,
1918 1734 2392 1817 VVesseling
2469 1755 2627 1796 suae
2687 1751 2851 1815 qmm

608 1864 781 1907 anno
833 1850 993 1907 ¹763
1055 1844 1273 1909 emisit
1325 1845 1641 1909 Herodoti
1688 1846 1957 1909 editioni
2001 1846 2229 1930 plenas
2285 1845 2619 1922 adiunxit,
2688 1863 2851 1928 opera

607 1954 677 2017 in
722 1955 1168 2022 exscribendis
1204 1957 1597 2020 membranis
1642 1980 1801 2021 usus
1830 1957 2129 2042 diligenti
2176 1957 2440 2021 Ioannis
2471 1958 2851 2041 Caper-mne-

605 2067 686 2131 rii
731 2068 871 2131 eius
916 2067 1030 2152 qui
1072 2068 1364 2132 indidem
1408 2068 1810 2133 Ruhnkenio
1863 2069 2310 2155 apographum
2352 2069 2603 2133 Timaei
2646 2067 2847 2131 confe-

607 2189 798 2243 cerat.
879 2180 992 2244 sed
1035 2180 1106 2243 in
1151 2201 1227 2243 eo
1260 2180 1680 2264 Wesselingii
1713 2180 2055 2244 consilium
2085 2181 2307 2245 minus
2350 2181 2679 2265 probabile
2718 2178 2845 2254 fuit,

606 2292 780 2377 quod
825 2313 959 2354 non
1007 2290 1209 2355 edidit
1252 2291 1421 2355 sicut
1474 2292 1546 2355 in
1591 2290 1995 2356 coisliniano
2052 2293 2328 2377 scriptae
2373 2304 2527 2356 sunt
2566 2293 2844 2375 integras,

605 2403 717 2466 sed
774 2423 922 2466 cum
978 2403 1179 2467 altero
1234 2402 1348 2467 illo
1405 2402 1814 2468 vocabulario
1882 2405 1994 2488 (B)
2068 2404 2161 2468 ita
2204 2404 2500 2468 confudit
2542 2416 2604 2467 et
2645 2414 2847 2466 conta-

604 2513 911 2594 minavit,
962 2525 1036 2579 ut
1078 2514 1396 2599 quidquid
1440 2514 1606 2579 illud
1649 2525 1764 2580 aut
1805 2515 1954 2601 plus
1999 2528 2114 2581 aut
2154 2516 2391 2581 melius
2436 2517 2668 2581 habere
2714 2514 2844 2578 ani-

604 2625 1031 2692 madverteret
1047 2677 1066 2705 ‚
1129 2627 1284 2692 huic
1354 2629 1665 2693 continuo
1709 2628 2070 2693 immiscere
2114 2651 2249 2693 non
2305 2629 2647 2694 dubitaret.
2730 2627 2844 2690 ita-

604 2760 730 2822 que
776 2760 894 2823 ego
939 2761 1118 2803 nunc
1161 2741 1451 2826 separavi
1494 2762 1662 2825 quae
1704 2740 1887 2805 illinc
1930 2740 2273 2825 importata
2317 2753 2535 2819 erant,
2582 2753 2647 2804 et
2684 2739 2844 2804 resti-

606 2849 701 2913 tui
720 2900 741 2928 ,
799 2860 1118 2935 quantum
1178 2853 1442 2938 quidem
1497 2861 1666 2916 recte
1721 2853 1906 2938 potui
1968 2853 2111 2917 sine
2166 2852 2409 2917 codicis
2464 2853 2665 2938 ipsius
2714 2874 2839 2937 ope,

604 2961 936 3046 antiquam
983 2963 1365 3048 scripturam
1383 3013 1404 3042 ,
1452 2965 1751 3029 correctis
1795 2974 2013 3029 tamen
2043 2967 2265 3049 paucis
2296 2965 2681 3049 quibusdam
2704 2984 2843 3048 quae

602 3075 921 3139 medelam
966 3086 1032 3140 et
1073 3075 1442 3160 flagitarent
1484 3086 1551 3140 et
1594 3087 1922 3161 tamquam
1981 3086 2210 3161 sponte
2252 3077 2633 3162 reciperent.
2715 3096 2843 3138 nam

604 3187 1179 3272 Schweighaeuser
1206 3190 1360 3253 satis
1392 3189 1622 3253 habuit
1656 3189 2027 3274 exemplum
2058 3189 2656 3275 Wesselingianum
2682 3188 2841 3272 plane

603 3297 875 3378 imitari,
945 3322 1068 3364 nec
1131 3311 1277 3386 post
1340 3301 1528 3366 illum
1584 3301 1928 3387 quisquam
1992 3301 2166 3385 quod
2232 3301 2433 3365 sciam
2490 3299 2837 3365 retractavit.

603 3412 917 3495 supposui
975 3423 1194 3477 autem
1251 3413 1529 3499 singulis
1584 3413 2172 3498 interpretamentis
2232 3412 2481 3477 similes
2523 3412 2839 3477 lexicorum

599 3524 1026 3589 vetustiorum
1091 3525 1591 3610 explicationes:
1665 3525 1851 3590 cuius
1915 3524 2201 3589 instituti
2268 3525 2433 3589 ratio
2499 3525 2666 3589 infra
2713 3522 2838 3586 red-

600 3635 809 3700 detur.

769 3767 995 3831 Huius
1038 3766 1240 3851 igitur
1281 3787 1456 3830 unus
1502 3776 1601 3830 est
1643 3767 1845 3831 codex
1886 3766 2182 3849 duaeque
2227 3767 2505 3831 antehae
2535 3766 2834 3839 editiones,

601 3879 865 3943 alterius
910 3889 1132 3945 contra
1185 3879 1299 3963 (B)
1368 3888 1432 3943 et
1476 3878 1728 3943 codices
1774 3887 1929 3942 sunt
1981 3888 2050 3943 et
2100 3878 2422 3943 editiones
2467 3879 2670 3942 multo
2708 3876 2835 3961 plu-

600 4014 721 4055 res.
815 4003 1006 4075 atque
1066 3990 1329 4057 illorum
1384 3990 1580 4055 hodie
1637 3991 1750 4075 qui
1805 4000 2064 4055 exstant
2131 3989 2329 4075 longe
2388 3988 2835 4074 antiquissimus

600 4113 733 4183 est,
780 4086 906 4168 hoe
949 4114 1050 4169 est
1093 4103 1337 4169 saeculi
1382 4102 1734 4181 undecimi,

781 4248 835 4304 l.
909 4243 976 4310 G
1017 4242 1432 4307 Florentinus
1477 4242 1613 4306 sive
1659 4240 2350 4306 Schellersheimianus
2368 4289 2389 4317 ,
2451 4262 2577 4324 quo
2629 4239 2703 4303 de
2736 4256 2833 4301 ex-

600 4354 790 4437 posui
835 4353 1112 4418 Praefat.
1162 4355 1408 4419 Herod.
1449 4365 1605 4419 tom.
1640 4355 1676 4418 I
1711 4376 1774 4438 p.
1815 4353 1979 4419 VIII
2009 4374 2152 4436 sqq.
2200 4350 2277 4417 in
2318 4352 2462 4416 eius
2504 4351 2673 4416 enim
2708 4347 2831 4412 folio

598 4476 675 4529 ut
715 4488 894 4531 nunc
937 4475 1036 4531 est
1078 4465 1347 4543 ultimo,
1395 4467 1570 4552 quod
1614 4476 1713 4533 est
1745 4474 1906 4545 310,
1954 4486 2164 4551 eoque
2191 4485 2421 4529 averso
2461 4463 2687 4551 legitur
2708 4481 2827 4549 pn·-
