3059 5125
1159 345 1546 410 -Γ-
2372 344 2497 407 299

215 520 555 618 γενέσθαι,
619 523 728 592 καὶ
773 523 941 620 πρὸς
995 520 1095 592 ἔτι
1140 524 1434 594 τούτοισι
1485 524 1564 593 τὸ
1617 520 1814 603 τέλος
1863 519 2179 619 Περσέων
2227 520 2490 617 ἑκάστῳ

217 640 645 737 ἐπιγενέσθαι
697 638 840 712 οἷον
894 643 1048 735 ἐμοὶ
1097 633 1513 739 έπιγέγονε.”
1612 641 1754 735 ἅμα
1815 668 1890 714 τε
1937 642 2131 721 εἴπας
2183 645 2399 712 ταῦτα
2459 640 2496 710 δ

221 756 610 859 Καμβύσης
646 759 967 834 ἀπέκλαιε
1002 765 1223 834 πᾶσαν
1260 765 1382 859 τὴν
1420 762 1678 835 ἑωυτοῦ
1711 761 1971 862 πρῆξιν.

372 879 631 979 Πέρσαι
679 879 756 953 δὲ
806 884 902 964 ὡς
949 884 1061 952 τὸν
1110 881 1395 982 βασιλέα
1453 881 1630 954 εἶδον
1681 879 2195 954 ἀνακλαύσαντα
2250 880 2496 962 πάντες
2520 890 2602 954 66

153 1024 183 1073 5
215 1000 300 1073 τά
333 1027 409 1072 τε
447 999 738 1101 ἐσθῆτος
773 1002 1066 1098 ἐχόμενα
1103 1003 1308 1100 εἶχον,
1350 1010 1561 1075 ταῦτα
1599 1006 2072 1101 κατηρείκοντο
2120 1004 2230 1073 καὶ
2278 1002 2492 1095 οἰμω-

216 1123 309 1221 γῇ
362 1118 650 1218 ἀφθόνῳ
692 1120 1113 1221 διεχρέωντο.
1218 1122 1386 1217 μετὰ
1443 1124 1516 1196 δὲ
1565 1129 1774 1194 ταῦτα
1827 1125 1922 1202 ὡς
1968 1120 2367 1219 ἐσφακέλισέ
2419 1146 2495 1193 τε

213 1244 291 1313 τὸ
331 1240 565 1315 ὀστέον
615 1245 725 1313 καὶ
770 1242 805 1311 ὁ
860 1246 1080 1340 μηρὸς
1113 1244 1396 1340 τάχιστα
1446 1242 1692 1341 έσάπη.
1753 1240 2075 1341 ἀπήνεικε
2115 1239 2494 1342 Καμβύσεα

214 1365 333 1434 τὸν
370 1358 623 1460 Κύρου,
687 1361 1176 1462 βασιλεύσαντα
1224 1362 1341 1457 μὲν
1376 1364 1460 1437 τὰ
1493 1365 1712 1436 πάντα
1749 1362 1918 1435 ἑπτὰ
1959 1361 2113 1434 ἔτεα
2153 1365 2260 1433 καὶ
2292 1361 2494 1434 πέντε

212 1491 472 1581 μῆνας,
549 1481 801 1553 ἄπαιδα
861 1482 936 1554 δὲ
990 1488 1067 1555 τὸ
1121 1484 1439 1582 παράπαν
1502 1484 1700 1556 ἐόντα
1753 1482 2028 1582 ἔρσενος
2083 1484 2192 1554 καὶ
2247 1481 2497 1580 θήλεος

123 1624 180 1673 ιο
212 1605 439 1699 γόνου.
516 1600 830 1699 Περσέων
867 1603 942 1675 δὲ
973 1606 1143 1677 τοῖσι
1177 1610 1506 1702 παρεοῦσι
1543 1601 1820 1700 ἀπιστίη
1859 1603 2084 1701 πολλὴ
2125 1600 2496 1697 ὑπεκέχυτο

211 1724 373 1802 τοὺς
406 1718 686 1819 Μάγους
716 1721 897 1819 ἔχειν
932 1723 1014 1795 τὰ
1043 1729 1430 1823 πρήγματα,
1469 1718 1622 1794 ἀλλ’
1663 1725 2030 1822 ἠπιστέατο
2063 1722 2172 1793 ἐπὶ
2203 1719 2491 1820 διαβολῇ

214 1843 428 1915 εἰπεῖν
471 1839 850 1941 Καμβύσεα
883 1844 969 1916 τὰ
1004 1843 1153 1916 εἷπε
1186 1847 1339 1941 περὶ
1375 1850 1496 1915 τοῦ
1536 1843 1866 1942 Σμέρδιος
1911 1842 2230 1922 θανάτου,
2287 1838 2394 1912 ἵνα
2431 1841 2496 1911 οἱ

213 1961 680 2061 ἐκπολεμωθῇ
748 1968 881 2034 πᾶν
940 1966 1017 2035 τὸ
1090 1962 1436 2062 Περσικόν.
1526 1964 1710 2036 οὗτοι
1770 1963 1891 2057 μέν
1952 1989 2068 2034 νυν
2124 1960 2494 2059 ἠπιστέατο

210 2080 511 2180 Σμέρδιν
562 2084 674 2154 τὸν
728 2081 957 2182 Κύρου
1010 2083 1297 2186 βασιλέα
1347 2084 1736 2157 ἐνεστεῶτα.
1838 2082 2072 2162 δεινῶς
2117 2081 2246 2180 γὰρ
2297 2084 2404 2152 καὶ
2457 2082 2495 2151 ὁ

116 2220 175 2270 1⁵
216 2200 652 2300 Πρηξάσπης
688 2200 961 2302 ἔξαρνος
1007 2205 1091 2302 ἧν
1143 2206 1239 2301 μὴ
1296 2205 1419 2299 μὲν
1458 2200 1837 2275 ἀποκτεῖναι
1874 2202 2197 2300 Σμέρδιν·
2253 2202 2329 2272 οὐ
2367 2201 2493 2300 γὰρ

208 2324 299 2421 ἧν
357 2324 423 2393 οἱ
474 2319 772 2418 ἀσφαλὲς
812 2320 1200 2424 Καμβύσεω
1248 2323 1797 2422 τετελευτηκότος
1845 2322 2044 2420 φάναι
2098 2327 2211 2395 τὸν
2264 2319 2494 2420 Κύρου

208 2444 355 2513 υἱὸν
394 2440 902 2514 ἀπολωλεκέναι
938 2442 1353 2541 αὐτοχειρίῃ.

356 2556 448 2632 Ὅ
486 2559 559 2633 δὲ
594 2564 680 2659 δὴ
720 2557 977 2660 Μάγος·
992 2563 1516 2663 τελευτήσαντος
1557 2560 1947 2666 Καμβύσεω
1998 2563 2218 2645 ἀδεῶς
2261 2563 2492 2664 έβασί-
2518 2574 2596 2635 67

210 2683 439 2764 λευσε,
482 2682 894 2783 ἐπιβατεύων
925 2689 1047 2755 τοῦ
1084 2685 1445 2778 ὁμωνύμου
1472 2681 1804 2782 Σμέρδιος
1833 2690 1953 2755 τοῦ
1987 2682 2230 2783 Κύρου,
2272 2694 2493 2784 μῆνας

104 2823 171 2874 2⁰
208 2801 388 2877 ἑπτὰ
424 2804 579 2882 τοὺς
614 2801 1001 2884 ἐπιλοίπους
1040 2800 1381 2905 Καμβύσῃ
1421 2803 1493 2884 ές
1527 2803 1612 2875 τὰ
1648 2803 1821 2874 ὀκτὼ
1858 2803 2015 2875 ἔτεα
2050 2814 2174 2904 τῆς
2206 2804 2490 2903 πληρώ-

207 2948 399 3003 σιος·
456 2923 528 2994 ἐν
574 2926 747 2995 τοῖσι
798 2919 1166 3004 ἀπεδέξατο
1220 2923 1290 3003 ἐς
1343 2924 1499 3002 τοὺς
1557 2922 1897 3021 ὑπηκόους
1930 2923 2184 3003 πάντας
2219 2922 2492 3020 εὐεργε-

206 3049 369 3124 σίας
410 3041 724 3139 μεγάλας,
788 3044 966 3115 ὥστε
1014 3041 1467 3122 ἀποθανόντος
1517 3042 1727 3114 αὑτοῦ
1761 3045 1975 3114 πόθον
2016 3043 2197 3140 ἔχειν
2235 3042 2492 3123 πάντας

205 3164 379 3242 τοὺς
413 3161 481 3232 ἐν
518 3163 601 3260 τῇ
648 3155 857 3260 Ἀσίῃ
894 3163 1105 3261 πάρεξ
1142 3163 1362 3233 αὐτῶν
1404 3160 1747 3261 Περσέων.
1844 3162 2228 3259 διαπέμψας
2279 3163 2405 3261 γὰρ
2455 3163 2491 3232 ὁ

212 3278 459 3379 Μάγος
495 3281 564 3362 ές
596 3286 730 3354 πᾶν
770 3280 971 3364 ἔθνος
1006 3290 1140 3353 τῶν
1176 3284 1351 3381 ἦρχε
1386 3286 1666 3381 προεῖπε
1703 3281 2015 3381 ἀτελείην
2068 3280 2238 3354 εἶναι
2286 3306 2488 3381 στρα-

99 3423 167 3474 25
205 3407 425 3501 τηίης
474 3405 583 3473 καὶ
633 3405 843 3500 φόρου
892 3396 1007 3474 ἐπ’
1055 3401 1210 3474 ἔτεα
1245 3407 1415 3501 τρία.
1509 3404 1791 3501 προεῖπε
1829 3401 1951 3496 μὲν
1991 3400 2078 3499 δὴ
2116 3408 2327 3475 ταῦτα
2364 3401 2488 3473 αὐ·
2513 3407 2596 3470 68

523 3726 849 3796 (Hesychius
874 3744 923 3779 v.
951 3746 985 3779 κ
1088 3726 1351 3798 ρείκοντο).
1408 3759 1471 3766 --
1522 3730 1573 3780 6.
1616 3728 1797 3797 μετὰ-
1825 3730 1852 3777 7
1881 3727 1972 3780 ἐσσί
2087 3726 2384 3779 Erotianus
2419 3725 2481 3779 fr.

318 3795 503 3850 LXVI
528 3814 581 3866 p.
613 3797 671 3847 21
706 3795 889 3850 Klein
932 3745 1274 3850 —mgalenus
1299 3796 1368 3851 ad
1396 3796 1658 3868 Hippocr.
1693 3796 1899 3868 Aphor.
1931 3746 2116 3866 ρἾῖἑὶ
2145 3794 2311 3849 Basil.

322 3971 368 4020 1.
410 3967 617 4040 προσέτι
643 3969 753 4022 sz
809 3971 832 4033 ΙΙ
891 3971 941 4021 2.
982 3967 1293 4039 ἐπιγίνεσθαι
1317 3972 1469 4024 ΛΒά
1523 3973 1546 4035 Ι
1610 3973 1658 4022 4.
1701 3969 1808 4022 ἴδον
1838 3970 1889 4021 R
1951 3972 1973 4033 ΙΙ
2039 3971 2087 4020 5.
2127 3967 2491 4039 κατηρείκοντο

206 4037 283 4090 R.
314 4036 625 4107 (Ηεεγοὴη)
649 4038 841 4108 κατήρε
844 3989 1311 4106 ικόντεΒῗωατς
1317 4040 1425 4101 .,Ρ
1454 4039 2000 4110 κατήρικόντεΑΒί»,
2027 4037 2487 4122 κατηρείκοντεά,

204 4106 655 4244 ᾖᾝῗῖῗέῗοῗῖ
679 4109 829 4229 ΑΞ·
826 4106 1158 4247 πῗῖἓὲξῗῗῗ
1180 4108 1671 4242 ἷὲωὲαῗόῗαῇι
1701 4107 1874 4246 ῗξῖἓίς
1901 4110 2047 4229 τ’ἔιψῖ.
2071 4110 2168 4242 ἒαιῖ
2193 4106 2491 4246 {⁹2⁹3}ss

208 4247 365 4298 ABd
432 4247 455 4309 ΙΙ
530 4246 610 4296 11.
651 4194 899 4298 duale
931 4248 954 4310 ΙΙ
1030 4248 1105 4299 12.
1150 4245 1281 4300 οἷΟ
1340 4249 1362 4311 R
1436 4248 1517 4299 13.
1559 4246 1907 4300 ἐπιστέατοΒ
1986 4249 2009 4310 ΙΙ
2095 4248 2173 4298 14.
2216 4247 2493 4299 ἐνεστεῶτα

208 4313 587 4367 Valckenaer.
612 4313 897 4368 ἀνεστεῶτα
964 4318 986 4381 ΙΙ
1056 4316 1083 4368 ὁ
1111 4332 1218 4368 om.
1250 4317 1307 4367 R
1377 4319 1399 4381 ΙΙ
1476 4318 1554 4367 15.
1601 4315 1675 4384 μή
1756 4333 1799 4366 ιν
1835 4313 1890 4366 R
1958 4317 1982 4379 11
2057 4317 2136 4367 16.
2179 4314 2280 4367 οἰ
2250 4333 2315 4381 ην
2340 4312 2396 4366 R
2466 4316 2521 4378 ΙΙ·

351 4402 367 4435 ι
391 4382 560 4437 ΑΒΡ
631 4387 655 4448 ss
740 4387 818 4436 17.
861 4384 1182 4438 ἀπολωλέναι
1218 4403 1244 4436 z
1326 4388 1348 4449 ΙΙ
1439 4387 1514 4436 18.
1559 4384 1632 4450 δὲ]
1601 4335 1763 4452 μιν-ξι
1795 4385 1844 4438 C
1915 4387 1938 4448 ΙΙ
2020 4383 2307 4454 ἐβασίλευεν
2332 4382 2387 4435 R
2467 4385 2490 4447 ΙΙ

207 4389 295 4505 31.
337 4450 549 4505 ἐνοῖσιν
578 4451 629 4504 R
709 4457 732 4518 Ι
811 4454 882 4514 είς
910 4453 964 4505 R
1042 4456 1067 4520 Ι
1149 4456 1230 4506 24
1273 4453 1505 4525 ἀτελείην
1530 4454 1598 4507 dx
1635 4453 1948 4524 ἀτεληῖηνε,
1987 4452 2194 4524 ἀτελίην
2218 4452 2381 4508 ceteri
2462 4458 2486 4520 11

209 4525 453 4592 στρατιῆς
489 4522 547 4576 Β
