3059 5125
939 269 1062 344 '266
1258 243 1275 265 ’
1896 315 1968 323 -
2062 274 2109 339 Γ
2194 314 2280 322 -

937 458 1047 526 καὶ
1093 452 1309 526 τᾶλλα
1362 453 1579 526 πάντα
1626 452 2086 547 λυμαίνεσθαι.
2182 451 2399 524 ἐπείτε
2447 448 2522 522 δὲ
2572 452 2680 521 καὶ
2716 456 2925 522 ταῦτα
2957 449 3059 539 §taff

936 579 1279 655 ποιεῦντες
1330 575 1390 668 (ὁ
1444 574 1573 673 γὰρ
1630 574 1714 671 δὴ
1767 574 2000 670 νεκρὸς
2054 571 2167 645 ἅτε
2218 570 2773 670 τεταριχευμένος
2828 568 3059 665 ἀντεῖχέ

938 698 1047 767 καὶ
1097 691 1292 766 οὐδὲν
1336 693 1681 791 διεχέετο),
1738 692 2050 767 ἐκέλευσέ
2104 719 2212 787 μιν
2264 693 2299 764 ὁ
2338 688 2729 793 Καμβύσης
2778 695 3059 763 κατακαῦι

936 814 1412 908 ἐντελλόμενος
1468 813 1591 886 οὐκ
1643 815 1813 888 ὅσια.
1945 812 2208 913 Πέρσαι
2261 812 2388 911 γὰρ
2435 811 2592 884 θεὸν
2648 813 2986 906 νομίζουσι
3031 836 3058 883 ε

934 939 1089 1032 πῦρ.
1181 937 1255 1006 τὸ
1310 933 1404 1005 ὧν
1463 938 1835 1007 κατακαίειν
1888 960 1965 1031 γε
2014 935 2173 1016 τοὺς
2222 933 2491 1032 νεκροὺς
2528 929 2852 1025 οὐδαμῶς
2897 930 2966 1003 ἐν
3011 935 3059 1000 νί

938 1053 1353 1152 οὐδετέροισί
1389 1055 1546 1135 ἐστι,
1592 1052 1902 1153 Πέρσῃσι
1940 1052 2058 1149 μὲν
2102 1048 2184 1127 δι’
2232 1056 2272 1126 ὅ
2316 1078 2442 1149 περ
2481 1054 2762 1150 εἴρηται,
2805 1051 2950 1149 θεῷ
2983 1050 3050 1124 οὐ

935 1199 1117 1247 καιον
1158 1173 1325 1246 εἶναι
1360 1174 1665 1273 λέγοντες
1700 1174 1922 1268 νέμειν
1961 1178 2188 1274 νεκρὸν
2227 1171 2585 1272 ἀνθρώπου
2614 1197 2628 1210 ·
2685 1167 3059 1269 Αἰγυπτίοισι

932 1297 1311 1389 νενόμισται
1360 1300 1492 1392 πῦρ
1530 1294 1769 1392 θηρίον
1824 1294 1993 1367 εἶναι
2045 1293 2368 1392 ἔμψυχον,
2425 1292 2645 1364 πάντα
2695 1291 2771 1364 δὲ
2816 1292 2973 1365 αὐτὸ
3003 1317 3059 1362 κο

934 1414 1141 1488 σθίειν
1197 1414 1281 1485 τά
1327 1439 1453 1512 περ
1508 1412 1588 1486 ἂν
1644 1414 1846 1515 λάβῃ,
1905 1414 2212 1514 πλησθὲν
2268 1413 2342 1487 δὲ
2390 1413 2550 1487 αὐτὸ
2597 1423 2721 1513 τῆς
2758 1413 2964 1515 βορῆς
2994 1437 3059 1485 συ

930 1535 1339 1633 ποθνήσκειν
1376 1537 1476 1631 τῷ
1524 1534 2045 1632 κατεσθιομένῳ.
2139 1533 2358 1607 οὔκων
2412 1526 2963 1632 θηρίοισινόμος
2994 1532 3059 1603 οὐ

934 1664 1079 1751 μῶς
1116 1681 1232 1751 σφι
1270 1653 1412 1727 ἐστὶ
1448 1656 1561 1725 τὸν
1599 1655 1784 1727 νέκυν
1825 1654 2121 1727 διδόναι·
2194 1655 2301 1725 καὶ
2348 1653 2457 1725 διὰ
2503 1658 2716 1726 ταῦτα
2766 1655 3059 1750 ταριχεόοι

934 1774 1038 1849 ἵνα
1075 1777 1171 1873 μὴ
1211 1779 1510 1870 κείμενος
1549 1774 1675 1848 ὑπὸ
1730 1774 1984 1848 εὐλέων
2043 1772 2479 1873 καταβρωθῇ.
2574 1773 2752 1846 οὕτω
2805 1772 3059 1868 οὐδετέρ

930 1896 1340 1990 νομιζόμενα
1378 1894 1762 1967 ἐνετέλλετο
1803 1894 2053 1967 ποιέειν
2098 1895 2134 1966 ὁ
2174 1890 2578 1994 Καμβύσης.
2674 1896 2773 1976 ὡς
2825 1894 3032 1987 μέντοι

930 2018 1193 2115 γύπτιοι
1231 2015 1518 2112 λέγουσι,
1563 2014 1682 2086 οὐκ
1708 2002 2008 2110 Ἀμασις
2044 2016 2128 2113 ἧν
2166 2016 2201 2086 ό
2239 2018 2448 2086 ταῦτα
2481 2014 2745 2090 παθών.
2797 2011 2966 2086 ἀλλὰ
2998 2010 3059 2082 ἄλ

928 2162 1027 2216 τις
1079 2143 1211 2206 τῶν
1268 2130 1646 2232 Αἰγυπτίων
1729 2134 1911 2233 ἔχων
1971 2137 2091 2233 τὴν
2149 2135 2355 2234 αὐτὴν
2430 2134 2700 2233 ἡλικίην
2754 2125 3032 2227 Ἀμάσι,

931 2256 1399 2350 λυμαινόμενοι
1453 2252 1714 2354 Πέρσαι
1771 2254 2036 2327 ἐδόκεον
2077 2247 2333 2349 Ἀμάσι
2383 2252 2845 2349 λυμαίνεσθαι.
2934 2252 3059 2347 λέγε

928 2374 1053 2474 γὰρ
1110 2378 1205 2455 ὡς
1259 2375 1645 2469 πυθόμενος
1693 2375 1767 2447 ἐκ
1822 2380 2150 2474 μαντηίου
2204 2375 2238 2444 ὁ
2278 2361 2577 2468 Ἀμασις
2625 2371 2707 2445 τὰ
2755 2375 2907 2473 περὶ
2949 2372 3059 2445 ἑωυ

929 2495 1353 2569 ἀποθανόντα
1393 2494 1727 2591 μέλλοντα
1763 2495 2083 2593 γίνεσθαι,
2145 2493 2321 2567 οὕτω
2374 2495 2458 2594 δὴ
2513 2491 2875 2589 ἀκεόμενος
2923 2490 2996 2565 τὰ
3035 2489 3059 2560 ἐ

929 2620 1268 2716 φερόμενα
1306 2619 1418 2687 τὸν
1457 2614 1574 2709 μὲν
1614 2614 1969 2714 ἄνθρωπον
2026 2620 2261 2687 τοῦτον
2315 2619 2428 2687 τὸν
2483 2615 2983 2712 μαστιγωθέντα
3015 2608 3059 2682 ἀ·

926 2737 1224 2809 θανόντα
1282 2734 1501 2834 ἔθαψε
1553 2736 1663 2809 ἐπὶ
1716 2737 1870 2834 τῇσι
1921 2735 2173 2835 θύρῃσι
2225 2734 2412 2816 ἐντὸς
2466 2745 2589 2836 τῆς
2645 2735 2895 2807 ἑωυτοῦ
2944 2733 3059 2829 θήν

927 2857 1177 2930 ἑωυτὸν
1217 2854 1291 2928 δὲ
1329 2855 1701 2929 ἐνετείλατο
1741 2858 1841 2952 τῷ
1880 2855 2070 2928 παιδὶ
2123 2855 2192 2927 έν
2248 2857 2447 2952 μυχῷ
2490 2863 2614 2955 τῆς
2647 2854 2875 2953 θήκης
2921 2857 3008 2932 ὡς
3051 2879 3059 2942 1

926 2977 1118 3049 λιστα
1152 2977 1390 3050 θεῖναι.
1456 2979 1525 3048 αἱ
1563 2978 1682 3071 μέν
1719 3001 1830 3046 νυν
1870 2975 1945 3048 ἐκ
1981 2981 2097 3047 τοῦ
2129 2964 2460 3070 Ἀμάσιος
2495 2973 2762 3046 ἐντολαὶ
2800 2972 2982 3047 αὗται
3015 2975 3059 3041 ω’

925 3100 1048 3195 τὴν
1110 3101 1334 3196 ταφήν
1398 3099 1630 3169 τεκαὶ
1682 3099 1792 3168 τὸν
1854 3094 2214 3195 ἄνθρωπον
2274 3093 2555 3193 ἔχουσαι
2606 3095 2685 3166 οὔ
2743 3121 2854 3188 μοι
2894 3090 3059 3163 δοκέι

928 3215 1145 3316 ἀρχὴν
1181 3216 1513 3314 γενέσθαι,
1558 3214 1784 3296 ἄλλως
1822 3209 1884 3288 δ’
1931 3213 2101 3288 αὐτὰ
2136 3211 2482 3313 Αἰγύπτιοι
2520 3220 2834 3309 σεμνοῦν.

1236 3454 1313 3506 ὅτι
1335 3455 1393 3508 τὸ
1421 3458 1520 3526 πῦρ
1546 3450 1813 3527 Αἰγύπτιοι
1837 3453 2017 3526 θηρίον
2040 3452 2329 3522 νομίζουσιν
2354 3450 2480 3508 εἶναι

1133 3648 1182 3698 4.
1243 3643 1431 3715 Πέρσαι
1475 3677 1502 3687 -
1553 3648 1582 3696 5
1626 3650 1725 3714 πῦρ
1773 3651 1829 3698 et
1875 3647 1905 3696 6
1951 3643 2145 3699 δίκαιον
2188 3675 2217 3686 -
2265 3644 2325 3695 12
2368 3641 2681 3716 καταβρωθῇ
2725 3643 2978 3699 Stobaeus
3016 3639 3059 3692 fl:

1030 3713 1286 3769 CXXIII
1317 3717 1394 3768 13.
1439 3745 1500 3756 —
1547 3716 1622 3767 12.
1666 3712 1842 3776 Λέξεις

1033 3872 1078 3922 1.
1118 3872 1182 3925 τὰ
1207 3870 1341 3924 ἄλλα
1366 3872 1403 3924 d
1481 3873 1503 3934 ΙΙ
1588 3872 1634 3920 3;
1678 3869 1883 3923 ἐκέλευε
1907 3869 2113 3990 γάρῶιν
2153 3870 2190 3924 d
2266 3872 2288 3934 ΙΙ
2373 3871 2420 3920 5.
2461 3868 2521 3922 τὸ
2547 3873 2647 3940 πῦρ
2679 3869 2772 3923 Pz.
2805 3869 2947 3924 stob.
3020 3867 3059 3940 fl⁴

923 3939 1132 3994 Schwei
1172 3941 1431 3994 haeusert
1467 3958 1522 3991 τε
1548 3940 1811 4003 ΑΒΟΡιΙ,
1853 3956 1959 3992 om.
2150 3942 2173 4003 11
2256 3941 2305 3991 6.
2349 3937 2475 3990 διότι
2500 3955 2592 4008 περ
2618 3940 2693 4002 R,
2734 3938 2905 4010 διόπερ
2933 3942 3059 3990 oeten

923 4008 1122 4079 θεῷοὐ]
1186 4012 1230 4064 ιὸ
1258 4009 1376 4063 οὐδὲ
1402 4008 1557 4064 Stob.
1597 4012 1620 4074 ΙΙ
1669 4011 1714 4059 7.
1757 4007 1961 4079 λέγουσι
1988 4027 2029 4061 z.
2062 4008 2214 4061 Stob.
2259 4010 2282 4072 ΙΙ
2331 4009 2378 4059 8.
2420 4007 2478 4060 τὸ
2503 4013 2602 4076 πῦρ
2629 4008 2784 4062 Stob.
2826 4011 2849 4073 ΙΙ
2892 4006 3059 4060 affin

922 4079 1077 4132 αὐτοῦ
1104 4079 1257 4135 Stob.
1321 4082 1344 4145 ΙΙ
1404 4081 1454 4131 9.
1495 4078 1646 4148 λάβοι
1672 4080 1709 4130 d
1751 4081 1774 4142 ss
1822 4078 1885 4130 τὰ
1910 4077 1971 4131 ἅν
1997 4094 2091 4146 περ
2119 4078 2174 4130 R
2220 4079 2242 4143 ΙΙ
2305 4078 2383 4129 10.
2425 4076 2520 4129 οὐκ
2545 4079 2615 4130 ὢν
2643 4078 2717 4139 R,
2750 4077 2846 4130 οὐκ
2867 4077 2947 4130 οὗν
2967 4070 3059 4128 Sto!

917 4183 1077 4253 νόμος
1102 4189 1229 4237 ante
1255 4183 1361 4238 ἐστὶ
1386 4182 1539 4237 Stob.
1594 4186 1615 4248 ΙΙ
1670 4183 1747 4233 11.
1785 4184 1887 4253 σφι]
1919 4198 2031 4253 σφιν
2059 4180 2237 4245 Stob.‚
2268 4199 2418 4252 φησιν
2444 4182 2610 4243 ΑΒιΙ,
2643 4149 2680 4250 ἐς.)
2712 4181 2761 4236 Ο
2798 4185 2820 4247 11
2872 4183 2943 4232 12.
2971 4175 3059 4228 ἵναῚ

923 4253 1073 4307 Stob.
1140 4256 1162 4317 ss
1221 4251 1372 4319 οὕτω]
1405 4251 1540 4306 οὕτω
1566 4251 1631 4322 δὴ
1661 4252 1716 4306 R
1787 4252 1809 4316 ΙΙ
1887 4252 1964 4302 14.
2007 4247 2119 4304 ἀλλ’
2146 4251 2370 4304 Bckker
2432 4253 2455 4316 11
2531 4252 2610 4303 15.
2651 4268 2727 4309 τις
2752 4253 2871 4316 ‘effi-o]
2896 4259 2985 4301 τῶν
3003 4260 3059 4299 τις

922 4330 1024 4374 τῶν
1050 4324 1102 4375 ιι·
1144 4325 1166 4386 ιι
1207 4320 1358 4394 ἔχων]
1391 4321 1527 4394 ἔχων
1552 4340 1606 4374 τε
1635 4323 1691 4376 R
1731 4324 1754 4386 ιι
1799 4313 1840 4391 ᾧ
1863 4322 1908 4375 L
1948 4323 1969 4386 ιι
2020 4323 2096 4372 16.
2130 4319 2317 4388 ἄμασιν
2341 4322 2517 4382 ABG,
2547 4319 2735 4387 ἄμασιν
2763 4321 2801 4373 ιι
2838 4323 2860 4383 n
2910 4319 2975 4369 ιε.
3003 4309 3059 4381 με

925 4388 1245 4443 ἀποθανόντα
1273 4392 1327 4444 R
1374 4393 1396 4457 ΙΙ
1451 4394 1529 4444 19.
1573 4391 1666 4460 μὲν
1694 4407 1801 4443 om.
1836 4391 1890 4443 R
1936 4392 1957 4455 ΙΙ
2003 4392 2087 4442 20.
2131 4389 2233 4456 ἐπὶ]
2264 4393 2317 4444 ἐν
2345 4390 2455 4443 sz
2502 4391 2524 4454 ΙΙ
2572 4390 2717 4446 ἐκτὸς
2747 4389 2801 4441 R
2858 4392 2878 4453 ΙΙ
2934 4387 3000 4438 22.
3032 4380 3059 4432 ἀ

925 4477 1035 4520 σεος
1067 4461 1123 4514 R
1170 4463 1191 4527 ΙΙ
1239 4462 1290 4512 αἱ
1317 4476 1424 4515 om.
1455 4460 1509 4512 R
1555 4464 1577 4526 ΙΙ
1626 4460 1708 4512 23.
1750 4460 1844 4530 τὴν
1874 4475 1980 4513 om.
2011 4478 2036 4511 t:
2084 4462 2106 4527 n
2156 4462 2238 4511 24.
2280 4451 2392 4515 ἀλλ’
2417 4458 2588 4519 ἄλλως
2612 4458 2742 4516 αὐτὰ
2767 4459 2823 4515 R
