3059 5125
1161 345 1453 403 Praefatio.
2297 365 2465 412 xmx

201 518 509 622 ἀμβώσας
545 519 606 595 Α
647 526 717 596 8.
778 521 841 595 H
887 525 1018 611 18,
1068 477 1509 626 ἀμβώσαντες
1563 522 1616 596 Γ
1655 524 1784 612 38,
1837 520 2335 624 ἀμπαυστήριοι
2386 533 2463 598 et

202 647 605 743 ἀμπαύονται
640 648 701 724 Α
742 654 906 740 181,
941 678 1080 726 nec
1114 653 1340 726 dubie
1375 649 1811 748 ἀμπαύεσθαι
1848 647 1909 723 Α
1948 653 2090 726 182
2129 655 2223 725 ab
2260 653 2461 726 Aldo

198 789 620 853 correctum:
709 807 861 855 non
930 783 1320 856 indubium
1384 780 1769 854 ἐπαντεῖλαι
1833 777 1897 852 Β
1957 783 2097 855 142
2165 793 2464 879 propter

197 907 422 981 vicina
454 906 800 986 ἀνατεῖλαι
844 920 920 986 et
965 908 1375 985 ἀνατέλλειν.
1467 935 1739 984 nomen
1782 913 2161 1008 proprium
2198 911 2456 1013 Παραι-

198 1033 395 1135 βάτης
430 1034 490 1111 E
528 1040 628 1113 46
681 1051 942 1137 suapte
989 1050 1259 1114 natura
1304 1037 1746 1126 defenditur,
1794 1041 2306 1137 immeritoque
2349 1043 2463 1115 in-

194 1162 439 1240 festata
490 1192 538 1238 a
583 1169 943 1244 Bredovio
995 1167 1396 1270 ὑπειρόχους
1439 1165 1501 1241 E
1540 1171 1677 1243 92η
1736 1180 2029 1264 propter
2067 1165 2461 1270 Ὑπερόχην

193 1291 243 1364 Δ
276 1295 391 1383 33,
442 1296 757 1397 κλεηδόνι
793 1295 854 1370 Ε
893 1302 986 1373 72
1039 1302 1134 1371 ab
1182 1299 1340 1394 ipso
1389 1309 1465 1371 et
1505 1299 1888 1372 Dindorfio
1937 1309 2234 1396 propter
2280 1302 2320 1372 I
2364 1301 2452 1372 91

195 1423 527 1523 κληδόνος,
579 1428 714 1500 101
763 1427 1033 1527 κληδών
1073 1427 1199 1525 (sic
1234 1429 1432 1502 enim
1468 1429 1858 1525 utrobique
1895 1439 1971 1503 et
2007 1430 2356 1522 scriptum
2390 1438 2467 1503 et

196 1554 669 1645 scribendum,
706 1559 863 1631 sine
897 1557 1099 1654 iota),
1156 1559 1423 1638 κενεούς
1459 1555 1510 1629 Θ
1551 1560 1675 1645 28,
1731 1583 2176 1654 quamquam
2227 1559 2464 1633 eidem

194 1684 455 1758 intacta
489 1686 824 1760 siverunt
855 1711 1007 1759 non
1033 1688 1265 1783 magis
1292 1686 1693 1782 singularia
1717 1687 1891 1761 ἐνέοι
1921 1684 1984 1758 Η
2016 1690 2088 1774 6,
2116 1685 2459 1782 εἰδόμενον

198 1810 246 1884 Ζ
279 1815 397 1902 69,
437 1815 802 1911 μεμονέναι
838 1813 891 1888 Ζ
929 1817 1052 1903 84,
1094 1817 1347 1910 μέμνεο
1384 1813 1444 1887 Ε
1481 1817 1652 1903 105,
1690 1813 1907 1899 ἀέξειν
1949 1815 2002 1889 Γ
2033 1819 2156 1904 80,
2191 1816 2463 1916 τέθηπα

198 1938 254 2012 Β
286 1944 449 2031 156,
487 1942 845 2038 ὀνομανὲω
881 1943 935 2016 Δ
974 1946 1097 2031 47,
1132 1943 1414 2042 χέαντες
1451 1969 1585 2039 pro
1620 1948 1970 2044 χώσαντες
2004 1942 2064 2017 E
2104 1946 2176 2032 8,
2213 1946 2461 2044 συγχέ-

197 2098 330 2145 ουσι
364 2069 427 2143 H
473 2074 622 2146 115
660 2097 795 2168 pro
830 2077 1173 2171 συγχοῦσι.
1265 2073 1606 2168 quocirca
1658 2098 1808 2146 non
1844 2097 2271 2169 aspernarer
2315 2074 2461 2147 ἐπι-

197 2198 404 2283 δευέες
429 2199 483 2272 Δ
518 2201 667 2275 130
705 2204 771 2275 si
803 2204 978 2275 satis
1014 2210 1204 2274 esset
1237 2210 1608 2289 testatum,
1638 2227 1773 2275 nec
1800 2205 2037 2276 audeo
2069 2205 2462 2276 flexionem

198 2329 466 2423 epicam
517 2331 950 2425 δαιτυμόνεσι
999 2329 1056 2404 Ζ
1108 2333 1202 2403 57
1265 2332 1615 2404 damnare
1674 2333 1757 2404 in
1806 2332 2165 2405 vocabulo
2229 2334 2465 2429 epi00‚

199 2460 312 2529 sed
344 2460 643 2556 ambigo
692 2458 885 2532 illud
920 2461 1169 2556 potius
1218 2460 1317 2532 sit
1350 2485 1447 2533 an
1481 2460 1634 2533 AB
1667 2461 2002 2534 codicum
2040 2462 2236 2558 (nam
2273 2465 2365 2535 de
2406 2462 2472 2534 0

196 2586 463 2686 siletur)
521 2588 1017 2683 δαιτυμόνεσσι.
1112 2599 1189 2662 at
1237 2593 1478 2689 μήνεσι
1528 2588 1584 2662 Δ
1631 2591 1754 2664 43.
1814 2588 1864 2665 Θ
1917 2594 2054 2679 51,
2116 2592 2462 2665 πλεόνεσιν

201 2713 258 2786 H
292 2719 436 2790 224
483 2717 800 2792 licenter
850 2718 1033 2792 lusit
1076 2728 1438 2793 corrector
1489 2720 1566 2792 R
1584 2774 1602 2807 ,
1654 2721 1998 2817 idemque
2049 2723 2247 2816 quod
2290 2720 2468 2793 olim

201 2845 635 2943 vulgabatur
666 2845 912 2948 πατέρι
957 2846 1010 2920 Γ
1049 2849 1146 2921 34
1198 2847 1495 2944 aliaque
1546 2849 1962 2923 consimilia
2009 2875 2160 2924 non
2209 2866 2462 2945 pauca.

198 2978 314 3049 sed
345 2977 646 3073 egregie
680 2977 877 3049 idem
914 2974 1082 3049 ὑπὲκ
1115 3002 1250 3072 pro
1288 2976 1457 3077 ὑπέρ
1495 2976 1549 3050 Γ
1593 2980 1759 3051 116.
1850 2978 2241 3078 ἠγορόωντο
2277 2977 2331 3051 Ζ
2375 2978 2455 3049 11

201 3114 276 3176 ut
334 3114 716 3201 sumptum
780 3108 872 3177 ab
921 3106 1253 3178 Homero
1317 3104 1647 3180 defendit
1702 3106 2033 3180 Dindorf
2043 3137 2058 3180 :
2138 3132 2312 3203 ergo
2375 3133 2469 3180 ne

204 3236 485 3328 κομόωσι
523 3236 826 3330 quidem
852 3232 907 3306 Δ
943 3236 1076 3308 191
1123 3233 1611 3310 indefensum.
1678 3244 1755 3309 at
1788 3240 2055 3335 νηήσας
2090 3261 2229 3331 pro
2254 3239 2470 3335 νήσας

205 3356 254 3431 Α
293 3365 383 3436 50
436 3388 591 3436 non
629 3365 937 3453 retinen,
988 3363 1169 3438 lieet
1200 3366 1283 3438 in
1328 3366 1492 3461 ipso
1526 3367 1958 3464 Archetypo
1994 3362 2241 3439 fuerit.
2331 3389 2470 3437 nec

205 3492 388 3564 enim
435 3494 696 3589 negari
747 3503 990 3589 potest
1039 3519 1195 3569 esse
1255 3497 1620 3589 quaedam
1669 3518 1902 3589 eaque
1952 3497 2129 3568 satis
2179 3518 2346 3566 rara
2388 3494 2468 3565 in

207 3618 328 3690 illo
374 3623 536 3717 ipso
589 3624 682 3696 ad
742 3648 1015 3697 morem
1063 3624 1362 3719 epicum
1420 3621 1904 3719 interpolata,
1970 3632 2055 3698 ut
2086 3618 2165 3695 ”A
2174 3648 2261 3724 ρῃ
2314 3624 2470 3696 sive

194 3739 381 3848 Ἄρηϊ
412 3750 466 3823 Δ
488 3753 611 3824 59.
645 3754 769 3838 62,
807 3752 996 3851 ἴδηαι
1029 3749 1084 3823 Δ
1106 3754 1179 3838 9,
1216 3752 1540 3852 ἐλαύνῃσι
1579 3748 1634 3823 Α
1663 3755 1834 3840 188,
1864 3752 2221 3848 ἑπόμεναι
2262 3747 2315 3822 Α
2350 3752 2467 3837 17,

208 3876 551 3955 infinitivi
588 3882 890 3976 quidam
927 3882 1180 3955 aoristi
1217 3881 1298 3954 in
1336 3879 1467 3953 ἐειν
1507 3906 1643 3977 pro
1679 3884 1775 3954 εἴν
1815 3890 2195 3955 exeuntes.
2287 3881 2471 3952 haec

211 4015 414 4101 atque
448 4009 635 4082 talia
668 4011 732 4082 si
769 4012 933 4105 quis
972 4019 1276 4105 quaeret
1309 4011 1506 4083 unde
1546 4019 1676 4083 aut
1703 4034 1853 4106 qua
1876 4011 2199 4106 primum
2230 4017 2470 4082 aetate

211 4134 578 4212 influxisse
611 4140 1025 4226 videantur,
1069 4139 1270 4235 legat
1303 4139 1424 4213 vel
1460 4140 1779 4212 Luciani
1829 4141 1922 4211 de
1954 4140 2120 4212 Dea
2151 4139 2363 4236 Syria
2397 4148 2473 4212 et

214 4264 295 4336 de
352 4267 772 4364 Astrologia
834 4266 1128 4343 libellos
1149 4323 1167 4354 ‚
1235 4267 1356 4342 vel
1418 4269 1729 4341 Eusebii
1792 4265 2209 4363 fragmenta
2273 4270 2472 4362 apud

215 4394 591 4469 Stobaeum
625 4398 1100 4492 eiusdemque
1138 4399 1402 4493 opinor
1435 4421 1679 4493 nuper
1706 4421 1751 4468 a
1778 4397 2043 4470 Carolo
2064 4398 2471 4470 Weschero

219 4520 292 4593 in
343 4524 840 4599 Poliorceticis
900 4527 1180 4601 editum
1200 4581 1220 4612 ,
1285 4526 1404 4600 vel
1465 4527 1918 4599 Perictiones
1967 4525 2473 4623 Pythagoreae

2017 4659 2054 4713 d
