3059 5125
923 1441 1736 1540 PRAEFATIO.

397 1755 755 1829 Codicum
790 1755 1382 1828 Herodoteorum
1416 1754 1716 1851 grandis
1752 1753 1977 1825 etiam
2026 1778 2226 1826 nunc
2261 1764 2470 1829 extat

198 1909 565 1957 numerus.
657 1886 785 1958 sed
835 1884 965 1979 qui
1012 1892 1302 1978 praeter
1344 1890 1624 1956 ceteros
1673 1882 1879 1979 digni
1925 1891 2001 1955 et
2040 1879 2290 1957 idonei
2326 1886 2467 1958 visi

201 2023 386 2099 sunt,
426 2037 742 2109 quornm
778 2014 1174 2086 coniuncta
1218 2011 1573 2086 memoria
1619 2035 1755 2106 pro
1795 2008 2277 2086 fundamento
2327 2014 2471 2085 cri-

199 2144 334 2215 tico
403 2152 785 2216 uteremur
803 2197 822 2230 ,
894 2166 1016 2216 eos
1035 2196 1054 2227 ,
1116 2149 1512 2236 antequam
1574 2143 1665 2214 de
1725 2141 1962 2235 ipsius
2019 2143 2468 2216 recensionis

200 2272 426 2345 causis
478 2296 566 2345 ac
613 2272 1026 2345 rationibus
1070 2269 1511 2367 singillatim
1555 2293 1954 2366 exponam,
2020 2274 2469 2344 enumerabo

199 2402 749 2496 accuratiusque
818 2401 1222 2473 describam
1240 2456 1260 2488 ‚
1345 2397 1669 2494 reliquos
1749 2399 1956 2474 brevi
2040 2400 2470 2473 dimissurus

197 2530 585 2605 mentione.

401 2790 468 2861 1.
544 2787 618 2860 A
758 2785 1226 2861 Florentinus
1300 2788 1456 2861 sive
1523 2770 1938 2863 Mediceus'
1976 2787 2470 2863 bibliothecae

195 2918 734 2992 Laurentianae
779 2915 1017 3011 plutei
1051 2916 1284 2989 LXX
1322 2918 1607 3003 tertius,
1658 2919 2195 3003 membraneus,
2239 2916 2474 2991 forma

197 3050 549 3142 quadrata
597 3046 857 3119 maiori
880 3102 899 3133 ‚
963 3043 1308 3118 foliorum
1362 3045 1536 3121 376.
1644 3046 1957 3140 scriptus
2007 3054 2118 3120 est
2180 3046 2471 3120 saeculo

49 3178 50 3265 ᾗ
195 3176 413 3250 huius
450 3176 622 3250 aevi
658 3175 965 3261 decime,
1003 3175 1280 3248 eximio
1317 3174 1630 3248 artificio
1667 3200 1750 3247 ac
1785 3177 2063 3262 decore,
2106 3200 2150 3246 a
2185 3177 2489 3273 duabus·

197 3308 560 3392 manibus,
614 3328 923 3399 quarum
960 3302 1188 3377 altera
1220 3305 1567 3400 grandior
1615 3303 1996 3400 aliquanto
2046 3312 2123 3378 et
2169 3306 2474 3379 crassior

197 3436 487 3509 tricenis
541 3431 853 3530 singulis
901 3432 1053 3508 fere
1105 3436 1435 3506 versibus
1449 3489 1466 3520 ‚
1518 3431 1751 3506 altera
1792 3434 1965 3507 inde
2013 3458 2059 3504 a
2104 3432 2283 3506 folio
2321 3435 2470 3507 239

197 3566 575 3661 excipiens
657 3561 878 3658 plane
961 3563 1204 3639 nitida
1285 3587 1369 3635 ac
1438 3563 1801 3635 concinna
1870 3563 2171 3636 tricenis
2244 3564 2472 3637 ternis

199 3693 521 3790 singulas
559 3690 956 3789 complevit
1002 3692 1332 3787 paginas.
1424 3695 1517 3765 ab
1562 3701 1873 3788 utraque
1924 3716 2141 3789 saepe
2192 3701 2267 3766 et
2313 3692 2477 3788 ipsa

198 3826 411 3896 verba
457 3821 671 3897 nullo
721 3822 1137 3896 intermisso
1185 3823 1424 3919 spatio
1459 3823 1892 3895 continuata
1925 3829 2000 3895 et
2036 3830 2474 3895 accentuum

49 4032 60 4045 ‚
199 3952 742 4048 spirituumque
791 3952 1038 4048 apices
1088 3950 1424 4047 neglecti.
1551 3952 1680 4023 hic
1740 3949 1898 4024 illic
1943 3949 2226 4024 librarii
2286 3976 2474 4047 quae

199 4081 568 4155 oculorum
604 4080 957 4154 calamive
994 4104 1230 4154 errore
1266 4081 1799 4154 commisissent
1838 4082 1988 4175 ipsi
2021 4077 2177 4154 fere
2212 4082 2474 4155 raden-

201 4212 287 4282 do
341 4209 834 4284 oblitterando
894 4208 1305 4306 supplendo
1367 4217 1859 4283 correxerunt.
1995 4234 2142 4282 non
2205 4234 2474 4304 paucas

201 4349 570 4434 praeterea
602 4364 735 4437 per
767 4339 1093 4435 primum
1128 4341 1449 4412 maxime
1496 4339 1772 4412 librum
1808 4337 1926 4412 vel
1962 4338 2241 4412 adlevit
2282 4364 2476 4412 mar-

204 4470 495 4564 ginibus
530 4468 653 4544 vel
697 4469 878 4564 ipsis
929 4470 1374 4565 interposuit
1407 4470 1737 4543 versibus
1785 4466 2077 4540 notulas
2130 4476 2290 4541 tum
2338 4469 2479 4541 cri-

207 4598 327 4669 tici
373 4607 531 4671 tum
584 4598 1044 4695 grammatici
1093 4599 1381 4695 generis
1425 4596 1730 4671 inutiles
1779 4596 2169 4693 plerasque
2204 4597 2479 4694 impor-
