3059 5125
1231 343 1281 408 Θ
1365 381 1455 393 -
2262 349 2387 413 325

100 516 669 610 ἀποδεικνύμενον
707 517 776 589 ἐν
816 520 902 616 τῇ
939 524 1283 617 ναυμαχίῃ
1304 577 1321 606 ,
1377 523 1751 615 κατήμενος
1808 520 1934 589 ὑπὸ
1985 521 2084 617 τῷ
2124 520 2265 620 ὄρεϊ
2298 525 2399 618 τῷ

99 634 331 707 ἀντίον
385 634 769 729 Σαλαμῖνος
814 640 888 708 τὸ
941 638 1248 709 καλέεται
1288 635 1673 734 Αἰγάλεως,
1725 637 2217 712 ἀνεπυνθάνετο
2274 646 2387 714 τὸν

98 758 528 853 ποιήσαντα,
580 759 687 828 καὶ
750 759 811 827 οἱ
875 759 1371 854 γραμματισταὶ
1445 755 1823 854 ἀνέγραφον
1880 758 2212 853 πατρόθεν
2275 763 2389 830 τὸν

97 879 519 972 τριήραρχον
560 876 670 946 καὶ
705 877 830 973 τὴν
861 875 1078 947 πόλιν.
1144 877 1312 972 πρὸς
1349 874 1423 946 δέ
1458 899 1519 945 τι
1558 879 1664 946 καὶ
1698 876 2158 975 προσεβάλετο
2197 879 2390 975 φίλος

102 994 237 1064 ἐὼν
290 983 768 1092 Ἀριαράμνης
819 992 989 1090 ἀνὴρ
1047 991 1321 1092 Πέρσης
1372 998 1644 1090 παρεὼν
1700 997 1938 1065 τούτου
1989 1001 2110 1067 τοῦ
2157 995 2386 1069 Φοινι-

104 1116 305 1210 κηίου
337 1111 621 1192 πάθεος.
699 1114 760 1183 οἰ
794 1112 915 1205 μὲν
955 1114 1040 1211 δὴ
1079 1115 1248 1211 πρὸς
1283 1113 1437 1193 τοὺς
1473 1110 1789 1193 Φοίνικας
1826 1113 2213 1209 ἐτράποντο.

260 1227 420 1303 Τῶν
467 1230 543 1303 δὲ
589 1231 948 1332 βαρβάρων
988 1231 1058 1311 ἐς
1093 1235 1309 1329 φυγὴν
1349 1230 1788 1328 τραπομένων
1823 1236 1930 1304 καὶ
1966 1234 2383 1305 ἐκπλεόντων
2418 1240 2494 1301 91

103 1355 274 1448 πρὸς
312 1353 391 1421 τδ
429 1348 786 1448 Φάληρον,
829 1347 1177 1449 Αἰγινῆται
1217 1351 1624 1431 ὑποστάντες
1660 1351 1729 1422 ἐν
1769 1352 1865 1446 τῷ
1902 1352 2198 1450 πορθμῷ
2224 1353 2389 1452 ἔργα

107 1469 521 1548 ἀπεδέξαντο
560 1470 763 1566 λόγου
799 1468 968 1548 ἄξια.
1049 1470 1110 1540 οἰ
1150 1470 1271 1562 μὲν
1309 1469 1435 1567 γὰρ
1463 1457 1832 1568 Ἀθηναῖοι
1869 1470 1938 1542 έν
1974 1474 2073 1567 τῷ
2112 1472 2388 1574 θορύβῳ

106 1589 452 1687 ἐκεράιζον
505 1588 625 1667 τάς
668 1613 741 1659 τε
793 1586 1275 1682 ἀντισταμένας
1314 1591 1422 1661 καὶ
1457 1588 1575 1669 τὰς
1611 1591 1990 1685 φευγούσας
2025 1598 2156 1661 τῶν
2194 1601 2386 1680 νεῶν,

110 1712 168 1780 οἱ
219 1707 298 1780 δὲ
342 1704 694 1806 Αἰγινῆται
752 1706 872 1786 τὰς
925 1706 1368 1788 ἐκπλεούσας·
1445 1709 1621 1788 ὅκως
1660 1707 1735 1778 δέ
1769 1732 1943 1787 τινες
1973 1710 2131 1789 τοὺς
2156 1703 2386 1808 Ἀθη-

106 1833 329 1908 ναίους
384 1827 808 1923 διαφύγοιεν,
859 1829 1215 1922 φερόμενοι
1270 1825 1626 1898 ἐσέπιπτον
1684 1827 1755 1907 ἐς
1810 1827 1966 1906 τοὺς
2001 1823 2381 1927 Αἰγινήτας.

111 1947 403 2020 ἐνθαῦτα
453 1947 840 2043 συνεκύρεον
896 1944 1044 2025 νέες
1098 1946 1145 2042 ἤ
1198 1971 1273 2017 τε
1324 1943 1813 2037 Θεμιστοκλέος
1875 1944 2205 2019 διώκουσα
2270 1947 2387 2019 νέα
2418 1956 2503 2018 92

115 2071 216 2139 καὶ
262 2068 311 2165 ἠ
376 2063 788 2162 Πολυκρίτου
851 2069 969 2134 τοῦ
1028 2061 1239 2163 Κριοῦ
1301 2061 1540 2162 ἀνδρὸς
1589 2063 1961 2162 Αἰγινήτεω
2006 2069 2118 2162 νηὶ
2169 2066 2385 2165 ἐμβα-

82 2229 83 2232 =
112 2187 320 2258 λοῦσα
356 2183 655 2280 Σιδωνίῃ
677 2241 695 2272 ,
736 2185 784 2281 ἦ
819 2208 946 2278 περ
985 2180 1128 2256 εἷλε
1162 2186 1284 2280 τὴν
1320 2183 1931 2278 προφυλάσσουσαν
1968 2183 2078 2255 ἐπὶ
2115 2183 2387 2280 Σκιάθῳ

114 2308 227 2402 τὴν
290 2300 683 2401 Αἰγιναίην,
749 2289 853 2374 ἐπ’
920 2302 1007 2400 ἧς
1057 2299 1254 2372 ἔπλεε
1308 2299 1586 2398 Πυθέης
1636 2301 1671 2371 ὁ
1716 2296 2101 2399 Ἰσχενόου,
2156 2305 2266 2373 τὸν
2325 2304 2388 2374 οἱ

117 2422 366 2522 Πέρσαι
406 2422 866 2494 κατακοπέντα
897 2418 1142 2518 ἀρετῆς
1175 2418 1393 2492 εἵνεκα
1429 2421 1614 2516 εἶχον
1650 2419 1720 2491 ἐν
1754 2422 1841 2517 τῇ
1875 2423 1988 2518 νηὶ
2017 2420 2386 2518 ἐκπαγλεό-

119 2567 328 2636 μενοι·
417 2544 532 2613 τὸν
586 2543 671 2640 δὴ
723 2540 1133 2638 περιάγουσα
1182 2537 1324 2632 ἅμα
1370 2542 1543 2611 τοῖσι
1582 2534 1889 2638 Πέρσῃσι
1939 2540 2093 2639 ἥλω
2139 2542 2387 2640 νηῦςή

120 2662 446 2760 Σιδωνίη,
504 2663 684 2734 ὥστε
748 2656 1022 2757 Πυθέην
1075 2657 1251 2730 οὕτω
1301 2658 1612 2757 σωθῆναι
1662 2659 1734 2739 ές
1781 2655 2076 2756 Αἴγιναν.
2163 2662 2257 2740 ὡς
2313 2661 2388 2733 δὲ

83 2800 93 2846 ι
123 2781 325 2854 ἐσεῖδε
360 2782 490 2878 τὴν
533 2778 652 2851 νέα
689 2782 811 2878 τὴν
839 2767 1158 2875 Ἀττικὴν
1195 2778 1231 2848 ὁ
1271 2775 1713 2874 Πολύκριτος,
1763 2775 1938 2875 ἔγνω
1974 2781 2051 2849 τὸ
2089 2781 2386 2876 σημήιον

127 2900 271 2970 ἰδὼν
304 2908 435 3000 τῆς
471 2899 936 2996 στρατηγίδος,
977 2898 1085 2967 καὶ
1123 2896 1352 2995 βώσας
1385 2897 1499 2966 τὸν
1537 2893 1991 2989 Θεμιστοκλέα
2029 2896 2385 2995 ἐπεκερτό-
2479 2932 2486 2937 ·

129 3045 291 3116 μησε
326 3018 403 3099 ἐς
441 3025 577 3089 τῶν
618 3012 1026 3113 Αἰγινητέων
1064 3018 1175 3086 τὸν
1215 3014 1550 3114 μηδισμὸν
1589 3013 1947 3095 ὀνειδίζων.
2012 3022 2221 3086 ταῦτα
2261 3015 2383 3108 μέν

126 3162 227 3207 νυν
272 3140 389 3235 νηὶ
424 3135 742 3236 ἐμβαλὼν
789 3135 825 3205 ὁ
866 3132 1274 3231 Πολύκριτος
1309 3130 1636 3230 ἀπέρριψε
1673 3132 1744 3212 ές
1781 3129 2266 3226 Θεμιστοκλέα·
2324 3137 2386 3203 οἱ

129 3254 194 3325 δὲ
242 3256 576 3356 βάρβαροι
625 3261 758 3324 τῶν
810 3256 879 3325 αἱ
924 3253 1071 3332 νέες
1119 3250 1618 3348 περιεγένοντο,
1678 3254 2034 3349 φεύγοντες
2071 3250 2386 3324 ἀπίκοντο

87 3390 101 3437 ⁵
131 3372 192 3454 ἐς
221 3372 540 3473 Φάληρον
579 3373 709 3445 ὑπὸ
742 3375 855 3444 τὸν
891 3375 1093 3454 πεζὸν
1131 3375 1433 3471 στρατόν.

322 3676 364 3733 Σ
454 3676 535 3748 &p
557 3628 869 3736 καίσκοπεὶς
892 3626 1139 3746 ἀπεσώθη
1162 3625 1465 3747 εἰέιΐὶοῖγιναν
1563 3614 1672 3667 πῶς
1709 3603 1913 3666 notua<
1948 3607 1976 3661 ὁ
2013 3603 2286 3678 Αἰγινήτης
2331 3607 2386 3661 ἐν

322 3975 371 4025 2.
410 3971 594 4027 Schol.
623 3968 880 4044 Aesphyl.
912 3968 1059 4022 Pers.
1089 3969 1191 4019 465

233 4137 275 4188 1.
311 4134 613 4208 όρειΛΒΒ,
643 4132 784 4205 οὔρεϊ
806 4131 1003 4202 reliqui
1060 4135 1084 4198 Ι
1141 4134 1188 4184 2.
1229 4130 1486 4202 αἰγιάλεος
1510 4133 1541 4185 Β
1611 4133 1634 4195 11
1706 4132 1753 4182 3.
1792 4130 1880 4183 τόν
1903 4134 2004 4183 te?
2073 4134 2096 4194 11
2165 4133 2214 4182 4.
2256 4131 2310 4184 δὲ
2334 4151 2383 4185 τι

143 4203 399 4259 Schaeferz
436 4204 486 4258 δ’
514 4204 587 4257 ἔτι
612 4203 682 4267 R,
723 4203 780 4255 δὲ
805 4202 880 4255 ἔτι
903 4201 1069 4255 ceteri
1137 4203 1160 4265 11
1230 4198 1602 4271 προσεβάλλετο
1635 4200 1694 4252 0.
1748 4198 2085 4270 προσελάβετο
2110 4199 2317 4253 Reiske
2361 4199 2385 4268 ΙΙ

144 4273 183 4320 5-
209 4265 489 4328 ἐὼνἾωσιΡ
530 4276 554 4339 11
597 4276 644 4324 9.
676 4271 917 4342 άθηναῖοι
939 4270 1028 4323 καὶ
1053 4270 1106 4322 ἐν
1130 4277 1204 4321 τῶ
1229 4267 1553 4339 στρατοπέδω
1576 4270 1607 4322 Β
1654 4271 1677 4333 11
1728 4270 1807 4320 10.
1836 4276 1976 4338 νηῶν
1999 4286 2026 4321 z
2071 4270 2094 4333 11
2151 4270 2230 4320 1³.
2261 4286 2381 4321 συν-

145 4339 301 4409 ἐκυρον
343 4344 373 4397 Β
439 4346 463 4409 Ι
531 4348 653 4412 νῆες
697 4358 724 4392 z
793 4342 817 4405 Ι
911 4341 989 4391 14.
1028 4337 1323 4409 αἰγινητέων
1347 4340 1404 4392 Β
1472 4339 1495 4401 11
1572 4338 1649 4389 16.
1693 4336 1914 4408 αἰγινέην
1938 4339 1969 4391 Β
2037 4338 2062 4401 ΙΙ
2129 4334 2378 4408 Ἰσχενόου

147 4406 209 4460 Η.
234 4410 557 4482 Stephanum
597 4409 799 4481 ἰσχένου
869 4411 892 4473 Ι
967 4409 1046 4459 17.
1085 4409 1271 4476 νιῆιΒ
1338 4408 1361 4471 fl
1431 4404 1881 4476 ἐκπλαγεόμενοιΒ
1951 4408 1974 4471 11
2046 4407 2128 4457 20.
2167 4412 2318 4477 νῆαι
2361 4404 2382 4475 ΙΙ

147 4476 214 4529 21.
250 4477 644 4551 Θεμιστοκλῆαε
689 4481 712 4546 11
759 4479 842 4531 23.
884 4474 1292 4548 Θεμιστοκλῆαε
1338 4477 1361 4541 11
1408 4476 1491 4528 24.
1531 4479 1703 4544 νῆεςε
