3059 5125
1175 361 1556 423 —l—
2376 366 2495 429 411

215 533 492 633 ἡμέρην
531 536 618 633 τῇ
658 531 975 633 ὑστεραίῃ
1050 533 1578 634 ’καλλιερέοντο,
1625 536 2118 632 μαντευομένου
2163 563 2282 635 σφι
2330 535 2502 638 Δηι-

216 658 435 750 φόνου
478 657 601 725 τοῦ
639 651 940 751 Εὐηνίου
991 679 1035 726 α
1073 654 1230 752 δρὸς
1254 642 1867 754 Ἀπολλωνιήτεω,
1909 641 2391 757 Ἀπολλωνίης
2426 656 2502 729 δὲ

215 783 349 874 τῆς
384 773 455 845 ἐν
494 762 838 870 τῷἸονίῳ
873 773 1128 869 κόλπῳ.
1219 776 1459 846 τούτου
1493 777 1607 846 τὸν
1646 775 1906 874 πατέρα
1942 775 2270 878 κατέλαβε
2307 773 2499 876 Εὐή«
2533 780 2619 842 93

214 919 366 966 νιον
421 900 704 993 πρῆγμα
756 893 1033 965 τοιόνδε.
1137 892 1283 967 ἔστι
1339 893 1408 966 ἑν
1464 896 1552 994 τῇ
1605 884 2050 992 Ἀπολλωνίῃ
2121 896 2335 993 ταύτῃ
2396 893 2503 994 ἱρὰ

135 1032 172 1082 5
213 1014 428 1113 ἡλίου
479 1011 825 1113 πρόβατα,
888 1010 974 1085 τὰ
1023 1013 1143 1095 τὰς
1200 1010 1321 1107 μὲν
1370 1012 1637 1112 ἡμέρας
1688 1014 2001 1115 βόσκεται
2052 1014 2236 1113 παρὰ
2288 1012 2503 1088 Χῶνα

213 1135 570 1227 ποταμόν,
623 1133 698 1213 ὃς
759 1131 834 1204 έκ
888 1130 1237 1227 Λάκμονος
1288 1131 1481 1231 ὄρεος
1530 1134 1667 1231 ῥέει
1722 1134 1832 1207 διὰ
1873 1128 2504 1236 τῆςἈπολλωνίης

212 1258 464 1353 χώρης
523 1252 596 1334 ἐς
653 1250 1004 1326 θάλασσαν
1066 1246 1229 1351 παρ’
1279 1239 1554 1350 Ὤρικον
1621 1252 1895 1349 λιμένα,
1954 1254 2080 1335 τὰς
2136 1252 2212 1325 δὲ
2265 1254 2504 1333 νύκτας

215 1371 669 1472 ἀραιρημένοι
706 1370 942 1471 ἄνδρες
992 1373 1056 1444 οἰ
1103 1372 1380 1469 πλούτῳ
1415 1397 1487 1444 τε
1528 1375 1639 1445 καὶ
1672 1374 1851 1471 γένεϊ
1887 1373 2333 1467 δοκιμώτατοι
2367 1381 2501 1443 τῶν

213 1490 450 1565 ἀστῶν
471 1551 489 1581 ,
558 1491 743 1564 οὗτοι
791 1491 1207 1588 φυλάσσουσι
1264 1491 1563 1564 ἐνιαυτὸν
1631 1491 1908 1574 ἕκαστος
1932 1516 1948 1531 ·
2034 1495 2190 1591 περὶ
2240 1491 2502 1565 πολλοῦ

97 1633 168 1684 10
214 1610 350 1712 γὰρ
380 1612 467 1710 δὴ
492 1616 837 1684 ποιεῦνται
853 1601 1391 1713 Ἀπολλωνιῆται
1419 1612 1504 1684 τὰ
1528 1611 1837 1713 πρόβατα
1872 1616 2079 1684 ταῦτα
2107 1612 2183 1684 ἐκ
2204 1611 2501 1710 θεοπρο-

208 1736 383 1804 πίου
437 1735 652 1812 τινός·
723 1730 795 1803 ἐν
847 1729 921 1804 δὲ
975 1730 1198 1830 ἄντρῳ
1249 1730 1632 1813 αὐλίζονται
1681 1727 1815 1805 ἀπὸ
1873 1741 1998 1834 τῆς
2038 1731 2275 1812 πόλιος
2321 1729 2498 1811 ἑκάς.

211 1850 392 1924 ἔνθα
441 1851 528 1950 δὴ
577 1854 727 1923 τότε
780 1851 816 1921 ὁ
855 1847 1151 1950 Εὐήνιος
1201 1849 1396 1933 οὗτος
1449 1847 1909 1951 ἀραιρημένος
1960 1850 2318 1950 ἐφύλασσε.
2394 1853 2502 1922 καί

117 2053 136 2060 ,
211 1996 378 2043 κοτε
414 1969 620 2043 αὐτοῦ
657 1973 1283 2069 κατακοιμήσαντος
1327 1969 1638 2070 φυλακὴν
1685 1971 2143 2070 παρελθόντες
2194 1968 2381 2042 λύκοι
2430 1969 2503 2050 ές

207 2093 297 2163 τὸ
356 2087 594 2188 ἄντρον
646 2089 1035 2189 διέφθειραν
1082 2097 1216 2162 τῶν
1268 2090 1630 2193 προβάτων
1668 2093 1762 2171 ὡς
1800 2090 2146 2189 ἑξήκοντα.
2223 2090 2259 2160 ὁ
2297 2087 2372 2162 δὲ
2406 2091 2502 2169 ὡς

102 2231 168 2282 15
208 2212 502 2309 ἐπήισε,
555 2209 698 2307 εἶχε
735 2214 892 2310 σιγῇ
931 2212 1039 2283 καὶ
1074 2208 1328 2310 ἔφραζε
1364 2209 1622 2300 οὐδενί,
1675 2211 1745 2284 ἐν
1800 2212 1941 2307 νόῳ
1995 2208 2177 2309 ἔχων
2231 2206 2498 2281 ἀντικα-

206 2334 582 2429 ταστήσειν
633 2328 812 2404 ἄλλα
866 2328 1246 2430 πριάμενος.
1334 2332 1442 2402 καὶ
1492 2328 1575 2402 οὐ
1629 2328 1756 2429 γὰρ
1812 2328 2017 2403 ἔλαθε
2048 2330 2211 2411 τοὺς
2236 2322 2501 2401 Ἀπολ-

207 2453 562 2551 λωνιήτας
609 2455 822 2523 ταῦτα
870 2452 1232 2547 γενόμενα,
1284 2440 1439 2522 ἀλλ’
1486 2455 1583 2532 ὡς
1619 2450 1988 2539 ἐπύθοντο,
2048 2449 2505 2548 ὑπαγαγόντες

209 2600 334 2670 μιν
373 2572 505 2646 ὑπὸ
542 2573 971 2671 δικαστήριον
1026 2571 1452 2669 κατέκριναν,
1505 2573 1601 2653 ὡς
1655 2573 1781 2669 τὴν
1837 2569 2139 2670 φυλακὴν
2186 2594 2500 2642 κατακοι-

210 2697 563 2793 μήσαντα,
599 2701 723 2794 τῆς
758 2693 950 2792 ὄψιος
986 2690 1425 2791 στερηθῆναι.
1502 2690 1725 2764 ἐπείτε
1763 2687 1841 2761 δὲ
1875 2692 1986 2762 τὸν
2024 2686 2321 2790 Εὐήνιον
2357 2688 2501 2770 ἑξε-

99 2835 169 2886 20
205 2811 624 2911 τόφλωσαν,
681 2810 921 2886 αὐτίκα
971 2808 1139 2906 μετὰ
1168 2814 1378 2881 ταῦτα
1413 2809 1569 2882 οὔτε
1603 2808 1913 2911 πρόβατά
1946 2837 2066 2908 σφι
2098 2807 2310 2881 ἔτικτε
2347 2808 2503 2883 οὔτε

208 2942 306 3034 γῆ
342 2931 550 3031 ἔφερε
585 2933 838 3028 ὁμοίως
889 2931 1167 3028 καρπόν.
1253 2931 1612 3027 πρόφαντα
1662 2929 1739 3001 δέ
1789 2956 1909 3027 σφι
1959 2927 2032 3001 ἔν
2082 2955 2153 3002 τε
2192 2926 2498 3028 Δωδώνῃ

207 3056 326 3126 καὶ
355 3053 429 3126 ἐν
460 3050 787 3151 Δελφοῖσι
814 3051 1091 3151 ἐγίνετο,
1122 3048 1343 3123 ἐπείτε
1373 3047 1770 3147 ἐπειρώτεον
1804 3049 1983 3145 [τοὺς
2009 3048 2393 3147 προφήτας]
2421 3053 2501 3122 τὸ

532 3290 597 3344 τὰ
630 3289 763 3344 κατὰ
798 3288 1052 3361 Δηίφονον
1089 3290 1174 3375 τὸν
1208 3281 1625 3358 Ἀπολλωνιάτην
1660 3286 1838 3375 μάντιν
1872 3288 1960 3341 καὶ
1996 3284 2215 3375 Εὐήνιον
2236 3288 2323 3342 τὸν
2347 3285 2503 3342 αὐτοῦ

429 3361 625 3432 πατέρα
646 3360 735 3428 καὶ
760 3360 875 3428 περὶ
897 3367 999 3411 τῶν
1025 3358 1078 3412 ἐν
1119 3354 1430 3427 Απολλωνίᾳ
1452 3356 1741 3429 λεγομένων
1767 3356 1916 3429 ηλίου
1942 3357 2209 3428 προβατων

425 3588 459 3639 4
484 3604 510 3639 s
551 3627 564 3639 .
602 3584 928 3639 Eustathius
965 3582 1070 3637 Od.
1108 3600 1160 3654 p.
1208 3584 1356 3636 1717.
1388 3612 1451 3621 —
1481 3584 1530 3634 5.
1561 3581 1944 3651 Theognostus
1969 3600 2161 3637 canon.
2196 3584 2313 3636 794.
2354 3613 2422 3623 —
2448 3586 2495 3636 7.

321 3656 500 3711 Eusta
563 3654 646 3709 'us
671 3654 840 3709 Dion.
871 3655 972 3706 398

324 3779 371 3829 1.
440 3776 844 3865 μαντευομένους
872 3776 952 3857 ,Β
997 3776 1019 3838 ΙΙ
1067 3773 1345 3845 δηϊοφόνου
1378 3775 1426 3827 G
1463 3775 1486 3837 ΙΙ
1535 3776 1585 3825 3.
1631 3773 1819 3825 imm&
1862 3771 1918 3825 R
1963 3774 1987 3838 ΙΙ
2031 3771 2234 3839 τούτου]
2262 3777 2352 3826 τοῦ
2395 3775 2453 3828 R

206 3852 268 3972 ἰῇ
275 3845 613 3989 930331‘3‘122’*
617 3866 650 3981 ῗῐ
674 3842 1492 3981 ‘Zdnfflssffissssssffnxffiffl'ss'ss
1507 3840 2503 3983 <502¹11222323332²2⁶3233232Aff²ffi<2222

208 4003 323 4040 om.
355 3987 389 4039 b
436 3988 459 4050 ΙΙ
506 3985 711 4056 ὥρηκον
737 3984 811 4048 R,
843 3984 886 4035 ὥ
922 3984 1083 4035 ικονὶ)
1131 3983 1153 4047 ss
1202 3983 1251 4034 8.
1293 3980 1407 4033 ἀναι
1438 3981 1622 4053 ημένοι
1653 3979 1702 4032 C
1742 3983 1766 4047 ΙΙ
1812 3980 1945 4051 γένει
1967 3982 2080 4035 ΑΒ
2125 3982 2148 4047 ΙΙ
2195 3982 2243 4031 9.
2289 3978 2502 4034 ἕκαστον

205 4060 377 4127 Apr„
409 4052 610 4107 ἔκαστοι
641 4052 690 4106 0
755 4056 779 4119 n
855 4055 871 4104 1
922 4093 932 4102 .
974 4049 1069 4123 γὰρ
1096 4049 1181 4120 δὴ]
1209 4068 1265 4137 τε
1292 4050 1356 4119 δὴ
1459 4091 1472 4113 ,
1515 4049 1612 4121 γὰρ
1641 4049 1719 4104 Cb
1789 4054 1811 4116 ΙΙ
1889 4051 1967 4101 12.
2010 4048 2358 4121 ἀφαιρημένος
2383 4048 2439 4102 R
2485 4050 2505 4119 ΙΙ

210 4178 300 4229 13.
340 4175 800 4244 κατακοιμίσαντος
825 4172 1027 4226 Reieke
1097 4174 1121 4237 ΙΙ
1167 4137 1434 4244 Ἶριζλακὴν
1460 4170 1527 4235 P,
1557 4172 1652 4240 τὴν
1689 4169 1928 4242 φυλακὴν
1951 4169 2036 4222 Rz
2104 4173 2130 4235 ΙΙ
2205 4170 2285 4223 15.
2327 4169 2505 4241 ἐπῆισε

206 4245 396 4307 ABG,
427 4244 624 4315 ἐπῆσαν
650 4245 681 4298 b
726 4245 749 4308 fl
799 4241 1009 4313 ἔφραξεν
1033 4242 1093 4295 R
1141 4243 1164 4306 ΙΙ
1226 4243 1305 4293 17.
1348 4240 1589 4311 γινόμενα
1614 4242 1670 4295 B
1716 4242 1739 4305 ΙΙ
1785 4238 2099 4299 dud-xm?
2157 4240 2180 4305 ΙΙ
2227 4238 2506 4310 ὑπάγοντες

209 4317 270 4369 R
332 4318 357 4381 ΙΙ
425 4315 506 4365 18.
547 4311 664 4378 ὑπὸ]
695 4312 768 4371 εἰς
792 4313 850 4365 τὸ
876 4329 939 4380 q,
981 4310 1033 4369 ἐς
1056 4309 1116 4362 τὸ
1139 4327 1167 4361 z
1224 4310 1258 4375 1[
1310 4308 1611 4379 κατέκριναν
1637 4326 1745 4362 om.
1777 4309 1835 4361 R
1893 4310 1917 4373 ΙΙ
1970 4308 2401 4378 κατακοιμίσαντα
2425 4309 2498 4373 R.

211 4383 428 4437 Reiske
498 4384 521 4449 ΙΙ
592 4383 675 4433 21.
716 4383 913 4449 καρπόν
939 4397 1048 4433 om.
1077 4378 1135 4431 R
1203 4382 1226 4445 ΙΙ
1296 4378 1526 4448 πρόβατα
1552 4376 1609 4429 R
1677 4380 1701 4443 ΙΙ
1776 4379 1861 4429 22.
1902 4377 2100 4448 ἐγένετο
2128 4377 2185 4430 R
2253 4379 2277 4442 ΙΙ
2340 4377 2504 4431 ἐπείτε

209 4452 458 4507 Reiskee
500 4451 673 4510 ἔπειτα
720 4453 743 4516 ΙΙ
789 4451 1089 4519 ἐπειρώτεον
1116 4450 1181 4503 b:
1221 4449 1514 4522 ἐπειρώτων
1540 4447 1729 4512 ABR,
1758 4446 2051 4519 ἐπηρώτων
2081 4445 2193 4513 ΟΡ,
2224 4446 2505 4518 ἐπερώτευν

206 4539 234 4573 z
283 4525 306 4588 ΙΙ
355 4519 554 4575 seclusi
576 4520 693 4579 τοὺς
717 4519 986 4593 προφήτας
