3059 5125
628 335 756 397 446

622 510 745 570 κῶν
774 502 1029 591 τρόπων.
1080 507 1391 590 posterior
1419 506 1657 572 deinde
1696 530 1735 572 a
1762 506 1919 572 folio
1966 515 2046 570 45
2080 506 2475 591 bombycina
2502 505 2732 571 saeculi
2754 507 2855 571 XV

621 617 722 680 vel
754 618 919 682 XVI
962 619 1136 682 varia
1177 619 1594 703 grammatica
1622 619 1819 683 habet
1835 669 1852 697 ,
1900 619 2083 683 velut
2126 618 2447 684 θεοὸοσίοο
2486 624 2859 705 γραμματικοὶ

625 726 1042 817 ἀλιξανδρείου
1109 730 1492 817 εἰσαγωγικοὶ
1560 727 1805 805 κανόνες
1848 733 1913 796 ἐν
1970 733 2227 818 ἐπιτομῇ
2246 783 2266 810 ,
2340 728 2560 818 σχόλια
2612 729 2714 796 οὖν
2760 733 2862 817 θεῷ

621 842 706 915 εἰς
750 840 886 916 τούς
930 840 1291 928 ῥηματικούς
1333 839 1593 917 κανόνας
1624 843 1936 909 ὓεοδοσίου
1966 840 2085 909 ἀπὸ
2131 849 2341 930 φωνῆς
2369 844 2662 931 γεωργία»
2688 867 2859 930 γραμ-

620 960 870 1039 ματικοῦ
913 959 1018 1020 τοῦ
1048 955 1477 1042 χοιροβοσκοῦ,
1527 954 1723 1022 αἰλίοο
1763 951 2107 1042 ἠρωδιανοῦ
2148 954 2287 1042 περὶ
2330 951 2629 1042 μον-ἥρως
2658 956 2861 1031 λέξεως,

626 1062 961 1150 (ἰωάννουῖ)
1021 1071 1128 1133 τοῦ
1183 1063 1454 1154 χάρακος
1496 1066 1633 1155 περὶ
1672 1064 2119 1155 ὀρθογραφίας,
2170 1063 2431 1133 ἰωάννου
2486 1072 2865 1155 werpire-mr&

617 1175 1033 1266 ἆλιξανδρείου
1093 1184 1343 1246 τονικῶν
1407 1176 1925 1266 παραγγελμάτων
1990 1176 2244 1266 eutrop-e}
2266 1230 2286 1258 ,
2343 1180 2416 1244 in
2472 1179 2628 1244 folio
2680 1193 2867 1243 auten

625 1299 742 1354 107
791 1289 1017 1365 λεξικὸν
1061 1297 1180 1358 τῶν
1223 1287 1585 1378 ἡροδοτείων
1620 1292 1858 1365 λέξεων.

796 1413 858 1467 4.
908 1426 952 1469 u
995 1404 1500 1482 Ambrosianus,
1549 1404 1637 1467 G.
1676 1411 1755 1466 69
1789 1403 1994 1489 Sup.‚
2042 1382 2299 1490 in‘qu„
2349 1417 2415 1468 et
2458 1405 2602 1489 ipse
2642 1402 2867 1467 miscel-

617 1515 845 1579 laneus
861 1566 881 1594 ,
944 1517 1177 1601 partim
1235 1517 1663 1602 bombycinus
1715 1517 1950 1601 partim
2002 1515 2376 1581 chartaceus
2394 1567 2414 1595 ,
2478 1517 2718 1581 saeculi
2763 1516 2867 1579 XV

617 1628 719 1691 vel
763 1628 949 1694 XVI.
1000 1639 1253 1713 praeter
1296 1629 1425 1693 alia
1467 1629 1675 1693 multa
1702 1629 2103 1712 grammatici
2133 1629 2392 1713 generis
2436 1630 2511 1692 in
2541 1630 2673 1693 fine
2700 1628 2867 1692 babet

618 1736 844 1813 λεξικὸν
888 1745 1006 1806 τῶν
1049 1736 1408 1827 ἡροδοτείων
1452 1741 1693 1814 λέξεων.

792 1860 851 1916 5.
889 1860 949 1915 6.
988 1853 1436 1931 Ambrosiam,
1477 1862 1535 1916 7.
1570 1853 2068 1937 Neapolitanus,
2103 1858 2164 1916 8.
2202 1854 2563 1931 Parisinus,
2598 1853 2711 1937 qui
2738 1863 2868 1914 sunt

615 1965 785 2028 inter
811 1965 1216 2030 Herodoteos
1255 1973 1353 2029 17.
1398 1972 1497 2030 19.
1535 1971 1637 2029 23.
1680 1973 1781 2030 33.
1830 1966 1996 2050 (vide
2025 1965 2305 2030 Praefat.
2340 1987 2408 2049 p.
2440 1966 2576 2029 XV
2604 1967 2793 2048 sqq.).

788 2100 851 2156 9.
900 2095 1254 2160 Vaticanus
1303 2099 1425 2158 895
1447 2144 1467 2172 ,
1525 2094 2018 2172 miscellaneus,
2079 2095 2211 2159 XV
2254 2095 2359 2158 vel
2402 2095 2569 2158 XVI
2623 2093 2861 2157 saeculi.

615 2206 841 2269 insunt
883 2207 1037 2271 inde
1084 2228 1123 2270 a
1166 2205 1277 2270 fol.
1320 2211 1441 2271 280
1487 2229 1548 2270 v.
1601 2207 1787 2281 λέξεις
1815 2208 2332 2294 παρεκβληθεῖσαι
2376 2203 2494 2271 ἀπὸ
2532 2213 2641 2291 τῆς
2686 2206 2867 2293 βίβλου

610 2321 716 2383 τοῦ
760 2312 1052 2405 ἣροδότου
1082 2314 1235 2384 κατὰ
1265 2314 1637 2406 ἄλφάβητον.
1688 2319 1897 2404 Incip.
1966 2316 2177 2405 ἀνέλη.
2213 2314 2433 2406 χρήσει
2448 2369 2468 2397 ,
2505 2319 2710 2382 desin.
2747 2322 2865 2404 ψῦ-

617 2453 749 2494 σαν.
801 2426 924 2495 θάλ
949 2441 1064 2506 llll
1085 2455 1180 2497 αν.

790 2549 888 2606 10.
939 2528 1447 2608 Barberinianus
1474 2549 1622 2624 385,
1670 2566 1892 2630 papyr.
1927 2543 2000 2606 in
2028 2553 2185 2622 oct.,
2231 2543 2401 2609 XVI
2445 2566 2608 2609 saec.

614 2655 683 2719 in
715 2654 839 2718 hoc
868 2654 1023 2720 inde
1066 2678 1104 2720 a
1145 2640 1254 2720 fol.
1301 2660 1377 2721 17
1431 2656 1616 2730 λέξεις
1645 2656 2160 2744 παρεκβληθέὶσαι
2220 2652 2338 2721 ἀπὸ
2381 2660 2489 2742 τῆς
2539 2655 2741 2743 βίβλου
2778 2658 2865 2719 τοῦ

608 2762 900 2853 ἡροδότου
930 2765 1083 2833 κατὰ
1112 2763 1484 2857 ἀλφάβητον.
1536 2770 1740 2854 Incip.
1791 2765 2039 2854 ἂνέληι,
2087 2768 2292 2832 desiu.
2332 2784 2386 2849 sl
2413 2772 2580 2833 ὦσαν
2610 2765 2863 2833 θάλπου-

613 2904 747 2945 σαν.
782 2890 1034 2965 praeter
1076 2880 1235 2959 hos,
1286 2903 1448 2966 quos
1491 2883 1634 2966 ipse
1678 2881 1837 2959 vidi,
1882 2882 1955 2944 in
2001 2902 2269 2944 oensum
2316 2881 2595 2944 veniunt

790 3026 885 3082 11.
932 3041 979 3103 9
1010 3018 1348 3097 Goldasti‚
1445 3026 1543 3083 12.
1596 3017 1639 3082 Ιι
1668 3019 1941 3083 Henrici
1988 3018 2342 3102 Stephani,
2446 3026 2543 3082 13.
2581 3040 2638 3082 w
2666 3018 2861 3082 Remi·

609 3131 845 3213 gianus
889 3131 1330 3215 WVesselingii.

781 3242 882 3305 Ex
926 3243 1029 3306 his
1084 3242 1286 3325 igitur
1339 3264 1562 3306 eorum
1608 3243 1876 3307 adhibui
1920 3243 2266 3306 lectionem
2311 3264 2478 3325 quos
2534 3243 2859 3307 litterarum

610 3355 815 3437 signis
873 3354 1128 3433 notavi,
1191 3354 1452 3438 plenam
1510 3364 1726 3419 autem
1783 3354 2099 3439 explicavi
2158 3355 2439 3418 duorum
2502 3357 2858 3439 optimorum

609 3466 720 3549 qui
767 3477 923 3530 sunt
974 3469 1120 3532 Cm:
1184 3467 1414 3550 reliqui
1473 3467 1649 3531 enim
1695 3477 1809 3531 aut
1847 3478 2100 3551 praeter
2136 3467 2404 3529 modum
2450 3469 2713 3531 sordent
2756 3464 2851 3550 (ιιι)

608 3590 722 3641 aut
775 3601 1005 3663 parum
1070 3579 1316 3661 cogniti
1375 3590 1530 3643 sunt
1595 3578 1832 3665 (th).
1929 3602 2052 3643 nec
2120 3578 2397 3642 dubium
2457 3581 2621 3663 quin
2676 3578 2856 3664 plures

609 3691 805 3754 etiam
847 3692 920 3753 in
964 3689 1376 3754 bibliothecis
1406 3690 1821 3769 delitescant,
1870 3692 2049 3755 velut
2078 3692 2414 3755 Parisinus
2468 3699 2637 3756 2662
2668 3687 2853 3774 adpel-

603 3801 774 3866 latur
817 3825 856 3866 a
898 3802 1119 3866 Bastio
1164 3802 1244 3866 ad
1291 3802 1560 3886 Gregor.
1601 3804 1747 3868 Cor.
1801 3826 1866 3888 p.
1920 3812 2021 3867 51.
2078 3812 2223 3867 505.
2277 3810 2400 3866 514
2450 3804 2538 3867 al.
2590 3805 2854 3885 idemque

607 3915 1043 3998 Wcsselingio
1086 3915 1157 3977 ni
1201 3914 1388 3980 fallor
1430 3915 1656 3979 adfuit.
1752 3937 1975 3980 verum
2020 3915 2188 3981 nihil
2246 3916 2483 3979 attinet
2524 3917 2597 3980 in
2644 3912 2852 3979 tantula

606 4048 675 4091 re
719 4027 995 4090 nimium
1041 4036 1108 4090 et
1150 4027 1291 4091 sine
1332 4026 1549 4091 fructu
1592 4027 1827 4091 moliri.

778 4140 945 4207 Quis
1001 4140 1249 4223 primus
1308 4139 1582 4204 ediderit
1637 4140 1693 4203 si
1739 4161 2042 4224 quaeras,
2103 4141 2341 4204 mirum
2409 4141 2660 4205 accidet
2711 4134 2850 4221 quod

607 4252 897 4314 narrabo.
995 4272 1147 4315 nam
1194 4251 1307 4335 qui
1350 4251 1598 4336 primus
1642 4252 1713 4315 in
1758 4252 2095 4336 publicum
2139 4254 2495 4336 prompsit,
2558 4251 2851 4315 Heni-icus

609 4362 980 4446 Stephanus
999 4412 1018 4440 ,
1079 4386 1212 4426 non
1273 4364 1527 4427 videtur
1585 4365 1740 4427 satis
1804 4365 1961 4448 quid
2008 4365 2096 4428 rei
2145 4376 2316 4428 esset
2359 4364 2601 4427 vidisse
2644 4362 2747 4425 sed
2784 4358 2847 4420 ad

605 4473 1040 4555 Hippocratea
1069 4475 1283 4557 potius
1314 4474 1673 4551 rettulisse,
1724 4477 2199 4559 Iungermanus
2228 4488 2484 4553 autem,
2532 4496 2677 4539 cum
2704 4483 2846 4536 recte
