3059 5125
8 4566 28 4660 T*

581 355 741 403 mm,
1564 330 1853 387 Praefatio.

572 514 768 586 idem
805 521 1052 585 tamen
1088 510 1353 604 partim
1388 507 1881 606 perseveranti
1931 530 2166 601 paene
2202 504 2478 600 ubique
2522 505 2859 577 codicum

576 640 693 715 vel
708 642 857 713 AB
871 638 992 714 vel
1004 636 1229 710 ABR
1244 636 1362 711 vel
1387 636 1718 734 plurium
1745 636 1968 710 etiam
1996 634 2411 708 testimonio
2437 633 2859 718 oboediens,

576 767 840 862 partim
874 765 1105 863 ipsius
1139 766 1597 862 corruptelae
1632 765 1972 839 insistens
1999 762 2341 860 vestigiis,
2372 763 2452 835 in
2479 787 2864 858 compara-

576 898 772 970 tione
839 906 1187 993 quattuor
1234 875 1758 970 adiectivorum
1808 919 1855 967 a
1900 892 2189 990 vulgari
2244 893 2607 988 scriptura
2652 891 2865 964 haud

575 1035 1005 1101 cunctanter
1067 1026 1382 1100 discessi.
1505 1050 1681 1099 nam
1748 1048 1939 1120 quae
1998 1025 2090 1097 de
2153 1020 2520 1095 anomalia
2537 1078 2557 1108 ,
2631 1044 2862 1116 quam

576 1156 850 1230 habere
885 1156 1226 1230 videntur
1259 1156 1607 1254 κενότερος
1641 1163 1717 1227 et
1751 1153 2135 1251 στενότερος
2188 1151 2480 1248 (quibus
2516 1160 2693 1223 sunt
2727 1150 2865 1244 qui

578 1283 914 1383 Εενότερος
950 1284 1301 1366 Εενότατος
1338 1281 1632 1378 addant)
1670 1253 2227 1355 Choeroboscus¹
2253 1281 2420 1353 dict.
2460 1281 2541 1351 in
2568 1279 2857 1351 Theod.

576 1438 650 1507 p.
694 1416 841 1487 550
877 1423 1124 1488 narrat
1157 1439 1204 1486 a
1239 1413 1676 1508 quibusdam
1709 1407 2044 1484 defensa:
2116 1415 2328 1483 ταῦτα
2382 1408 2509 1508 γὰρ
2566 1407 2865 1510 βραχείᾳ

577 1541 1111 1642 παραληγόμενα
1161 1540 1292 1638 (οὐ)
1329 1540 1649 1640 τρέπουσι
1710 1541 1788 1610 τὸ
1824 1541 1866 1608 5
1910 1538 2006 1620 εἰς
2056 1543 2141 1611 ὧ.
2198 1540 2306 1611 καὶ
2360 1534 2864 1633 ἀπολογῶνταί

577 1695 750 1751 τινες
800 1673 955 1771 περὶ
1011 1670 1263 1755 αὐτῶν,
1339 1668 1646 1766 λέγοντες
1694 1667 1798 1740 ὅτι
1857 1665 2346 1766 μακροπαράλη
2358 1691 2477 1738 κτα
2545 1666 2718 1765 ἦσαν
2776 1660 2865 1734 τὰ

577 1801 984 1897 πρωτότυπα
1021 1800 1239 1871 αὐτῶν
1260 1822 1275 1836 ·
1316 1798 1568 1877 στεινὸς
1602 1795 1729 1894 γὰρ
1767 1798 1876 1868 καὶ
1913 1797 2128 1875 κεινὸς
2162 1793 2273 1867 διὰ
2306 1802 2432 1894 τῆς
2470 1795 2533 1865 ῖι
2570 1790 2860 1888 &cM-s-

579 1952 719 2024 γου,
780 1985 794 1999 .
841 1984 856 1999 .
896 1930 1005 2000 καὶ
1041 1924 1353 2028 ἀποβολῇ
1390 1929 1509 1996 τοῦ
1548 1919 1582 1996 ἰ
1633 1921 1869 2021 γέγονε
1915 1925 2103 2004 κενὸς
2155 1924 2264 1995 καὶ
2314 1922 2540 2000 στενὸς
2588 1917 2700 1991 διὰ
2733 1924 2862 1991 τοῦ

577 2056 616 2128 ἕ
650 2054 1293 2158 βραχυπαρᾴληκτα,
1326 2055 1437 2126 καὶ
1464 2050 1730 2146 ἔμειναν
1765 2050 1850 2125 τὰ
1886 2047 2263 2152 συγκριτικὰ
2293 2051 2389 2130 ὡς
2420 2045 2553 2120 ἀπὸ
2594 2073 2861 2145 μακρο-

575 2183 1029 2284 παραλήκτων
1079 2181 1541 2282 πρωτοτύπων
1595 2177 1704 2251 διὰ
1749 2184 1867 2251 τοῦ
1919 2180 1956 2252 ὃ
2007 2181 2399 2279 γραφόμενα
2449 2175 2566 2273 (cf.
2606 2176 2857 2272 Etym.

576 2314 683 2386 M.
725 2339 797 2408 p.
839 2313 1011 2396 275,
1056 2314 1176 2385 50.
1233 2309 1553 2383 Cramer.
1593 2310 1877 2383 Anecd.
1918 2312 2063 2381 Ox.
2105 2308 2144 2379 I
2180 2331 2252 2402 p.
2295 2305 2509 2401 279):
2566 2330 2655 2377 ea
2694 2305 2865 2400 ipsa

577 2466 728 2515 non
761 2442 1006 2515 minus
1038 2449 1236 2515 recte
1273 2438 1720 2512 adhibentur
1770 2439 1863 2510 ad
1910 2438 2045 2509 has
2083 2461 2271 2532 quae
2314 2435 2463 2508 iam
2498 2458 2861 2508 emersere

575 2571 865 2645 formas.
957 2570 1468 2668 ἐπιτηδεότερος
1505 2577 1581 2643 et
1615 2565 2133 2666 ἐπιτηδεότατος
2167 2560 2227 2639 Α
2270 2567 2438 2638 110.
2477 2566 2645 2638 115.
2687 2566 2857 2637 126.

579 2702 641 2773 B
687 2700 855 2773 133.
904 2700 1071 2772 172.
1128 2695 1183 2770 Γ
1225 2699 1341 2770 70.
1400 2693 1455 2766 Δ
1496 2699 1616 2771 72.
1674 2694 1728 2775 z
1776 2697 1942 2769 102.
2003 2691 2066 2766 H
2106 2697 2227 2768 25.
2288 2691 2340 2765 e
2380 2695 2501 2768 49.
2559 2671 2856 2766 12.‘25.

581 2832 704 2916 27,
742 2829 1158 2927 οἰκηιότατος
1192 2823 1247 2898 Γ
1286 2827 1406 2900 65.
1458 2821 1517 2897 Ε
1560 2828 1626 2899 5.
1718 2826 1905 2900 haec
1937 2824 2165 2920 igitur
2199 2822 2546 2918 exempla
2579 2822 2864 2895 firmius

579 2961 974 3031 haeserunt
990 3011 1010 3044 ,
1047 2974 1231 3027 'cum
1279 2952 1583 3049 proclivi
1631 2953 1867 3027 abiret
1914 2953 1993 3026 in
2043 2976 2508 3026 communem
2543 2952 2860 3047 speciem

580 3085 1053 3183 ἀνδρηιότερος
1085 3083 1362 3178 ubique
1399 3077 1459 3154 A
1502 3083 1621 3155 79.
1664 3080 1720 3155 Δ
1758 3083 1879 3156 93.
1919 3080 1946 3155 Ι
1989 3082 2109 3155 37.
2202 3083 2331 3155 sed
2369 3083 2627 3157 eadem
2674 3081 2863 3153 ratio

582 3213 777 3288 valet
811 3213 891 3286 in
924 3212 1372 3286 contrarium
1404 3220 1515 3297 ut,
1552 3236 1721 3284 cum
1770 3211 1945 3309 ἱερός
1986 3209 2209 3285 faciat
2263 3212 2613 3309 ἱερώτερος
2652 3212 2861 3310 ,ἱερώ-

578 3368 776 3421 τατος
813 3341 1143 3440 ἱερωσύνη
1199 3339 1291 3437 (v.
1332 3340 1578 3439 Etym.
1616 3340 1731 3414 Μ.
1781 3365 1853 3434 p.
1897 3342 2072 3428 275,
2112 3341 2273 3435 46),
2321 3338 2547 3435 longa
2591 3338 2863 3415 vocalis

578 3479 772 3545 recte
808 3469 1107 3544 retineri
1133 3469 1468 3544 videatur
1489 3470 1584 3574 in
1622 3468 1966 3569 ἱρωτάτας,
2000 3471 2199 3564 quod
2233 3469 2314 3542 in
2338 3466 2567 3542 altero
2593 3494 2863 3564 genere

543 3600 913 3673 ·codicum
962 3599 1233 3671 mansit
1278 3598 1343 3673 E
1382 3600 1477 3672 82
1496 3652 1516 3685 ‚
1568 3606 1646 3672 et
1692 3599 1987 3698 ἱρωσύνη
2011 3657 2027 3681 ,
2082 3601 2282 3695 quod
2329 3600 2703 3694 integrum
2750 3608 2867 3671 est

580 3724 635 3797 Δ
680 3729 846 3801 161.
890 3725 950 3833 Z·
982 3729 1103 3814 56,
1139 3728 1220 3799 in
1257 3728 1588 3826 ἱερωσύνη
1630 3728 2106 3822 degeneravit
2141 3726 2196 3801 Γ
2241 3729 2405 3802 142.

784 3857 878 3929 In
915 3855 1413 3930 numeralibus
1450 3856 1644 3931 vices
1680 3854 2053 3929 alternant
2085 3854 2206 3927 δύο
2236 3854 2545 3951 (duanam
2576 3855 2863 3950 duobus)

581 4008 664 4058 ac
715 3988 892 4058 δυῶν
947 3985 1193 4069 δυοῖσι,
1264 3984 1566 4057 δυώδεκα
1624 4010 1708 4059 ac
1758 3985 1880 4057 δύο
1930 3986 2039 4056 καὶ
2088 3982 2252 4059 δέκα
2316 4008 2652 4080 quaeque
2715 3984 2865 4057 alia

582 4122 912 4189 recenset
954 4112 1356 4187 Bredovius
1407 4138 1480 4208 p.
1524 4114 1673 4187 279
1724 4137 1830 4208 sq.
1925 4137 2374 4209 quamquam
2420 4114 2500 4185 in
2553 4138 2863 4187 numero

581 4243 1029 4316 duodenario
1077 4245 1494 4315 observasse
1529 4242 1715 4314 mihi
1749 4242 1999 4316 videor
2045 4266 2300 4316 sensus
2349 4242 2862 4329 differentiam,

582 4395 807 4465 quam
856 4370 1261 4444 enucleabo
1309 4372 1438 4445 ubi
1452 4426 1470 4458 ‚
1538 4372 1735 4465 quod
1782 4396 1982 4445 nunc
2039 4396 2175 4445 nec
2232 4369 2405 4443 licet
2455 4395 2594 4444 nec
2654 4371 2863 4457 libet,

581 4502 949 4575 excutiam
988 4499 1386 4592 aliquando
1422 4500 1688 4573 horum
1723 4501 2129 4574 studiorum
2163 4500 2537 4595 reliquias.
