3059 5125
1041 319 1443 380 —Z—
2256 320 2373 381 117

117 490 150 558 ὁ
186 489 656 588 Λεωπρέπεος,
697 489 827 562 ἐὼν
868 489 938 561 ἐν
973 488 1254 590 Σπάρτῃ
1290 490 1564 585 δόκιμος
1598 487 1795 590 ἀνήρ,
1824 478 1862 506 “
1875 495 1937 562 τί
1974 490 2380 592 βουλεύεσθε

115 606 357 681 ποιέειν
381 666 401 698 ,
459 607 691 708 ἄνδρες
739 608 1121 708 Αίγινῆταις
1198 612 1312 680 τὸν
1368 608 1653 710 βασιλέα
1714 618 1848 681 τῶν
1898 608 2378 709 Σπαρτιητέων

117 727 384 800 ἔκδοτον
442 730 797 825 γενόμενον
850 726 977 799 ὑπὸ
1020 734 1153 798 τῶν
1201 727 1588 827 πολιητέων
1641 728 1855 829 ἄγεινς
1926 730 1985 801 εί
2034 734 2151 801 νῦν
2205 728 2376 827 ὀργῇ

113 851 482 945 χρεώμενοι
518 844 821 943 ἔγνωσαν
872 842 1050 920 οὕτω
1085 845 1538 945 Σπαρτιῆται,
1592 848 1770 929 ὅκως
1816 846 1887 927 ἐξ
1937 847 2223 947 ὑστέρης
2280 851 2375 945 μή

64 982 85 1033 5
115 992 170 1038 τι
204 964 396 1061 ὑμῖν,
438 964 523 1063 ἢν
559 970 770 1037 ταῦτα
803 968 1190 1063 πρήσσητε,
1245 964 1684 1065 πανώλεθρον
1734 972 1934 1040 κακὸν
1972 966 2041 1048 ἐς
2075 971 2197 1065 τὴν
2232 970 2378 1066 χώ-

115 1111 233 1183 ρην
267 1072 685 1185 ἐμβάλωσι.”
765 1089 977 1156 ταῦτα
1014 1079 1415 1165 ἀκούσαντες
1450 1087 1513 1156 οί
1550 1081 1902 1186 Αἰγινῆται
1938 1084 2223 1184 ἔσχοντο
2258 1093 2383 1185 τῆς

116 1201 420 1304 ἀγωγῆς,
478 1201 808 1299 ὁμολογίῃ
874 1200 950 1274 δὲ
986 1201 1368 1299 ἐχρήσαντο
1404 1202 1670 1303 τοιῇδε,
1725 1203 2166 1298 ἐπισπόμενον
2203 1203 2378 1276 Λευ-

114 1324 379 1421 τυχίδεα
431 1314 842 1419 ές”Αθήνας
894 1319 1261 1393 ἀποδοῦναι
1298 1317 1703 1420 Αἰγινήτῃσι
1752 1324 1911 1404 τοὺς
1947 1321 2209 1421 ἄνδρας.
2287 1324 2383 1403 ὡς
2413 1332 2496 1395 86

116 1440 184 1513 δὲ
215 1438 624 1534 ἀπικόμενος
662 1438 1081 1537 Λευτυχίδης
1131 1438 1202 1521 ἐς
1235 1439 1354 1521 τὰς
1401 1433 1717 1538 Ἀθήνας
1765 1439 2039 1513 ἀπαίτεε
2083 1444 2207 1539 τὴν
2247 1466 2381 1514 πα-

64 1578 88 1626 ι)
118 1559 460 1659 ραθήκην,
515 1561 577 1630 οἱ
635 1548 698 1628 δ’
752 1550 1116 1656 Ἀθηναῖοι
1165 1559 1549 1657 προφάσιας
1598 1557 1817 1631 εἷλκον
1866 1559 1948 1631 οὐ
1986 1558 2381 1661 βουλόμενοι

117 1675 515 1765 ἀποδοῦναι,
564 1676 814 1773 φάντες
860 1676 979 1748 δύο
1035 1676 1248 1775 σφέας
1304 1677 1537 1759 ἐόντας
1587 1677 1910 1779 βασιλέας
1952 1677 2382 1777 παραθέσθαι

118 1799 218 1867 καὶ
268 1796 350 1868 ού
404 1797 695 1868 δικαιοῦν
746 1796 847 1891 τῷ
889 1792 1100 1894 ἑτέρῳ
1149 1793 1308 1868 ἄνευ
1362 1802 1481 1868 τοῦ
1534 1797 1763 1896 ἑτέρου
1821 1794 2243 1870 ἀποδιδόναι·
2301 1795 2382 1868 οὐ

119 1900 429 2011 φαμένων
484 1912 561 1986 δὲ
612 1909 986 1988 ἀποδώσειν
1037 1922 1175 1985 πῶν
1203 1901 1637 2013 Ἀθηναίων,
1680 1914 1867 1997 ἔλεξέ
1903 1941 2020 2013 σφι
2057 1914 2380 2012 Λευτυχί-

120 2034 236 2131 δης
258 2033 438 2107 τάδε.
485 2020 598 2104 “ὦ
624 2023 1011 2132 Ἀθηναῖοι,
1038 2032 1302 2106 ποιέετε
1333 2034 1452 2128 μὲν
1482 2034 1762 2133 ὁκότερα
1791 2033 2119 2135 βούλεσθε
2148 2032 2372 2105 αὐτοί·
2410 2045 2468 2126 α)

66 2172 93 2220 5
124 2156 221 2223 καὶ
270 2150 397 2252 γὰρ
452 2151 881 2234 ἀποδιδόντες
930 2150 1190 2225 ποιέετε
1243 2153 1435 2240 ὅσια,
1494 2154 1603 2225 καὶ
1658 2154 1753 2251 μὴ
1821 2150 2248 2235 ἀποδιδόντες
2298 2153 2382 2226 τὰ

123 2270 374 2344 ἐναντία
409 2274 664 2343 τούτων
692 2295 707 2309 ·
781 2271 999 2343 ὁκοῖον
1042 2269 1264 2365 μέντοι
1299 2296 1360 2343 τι
1416 2271 1484 2344 έν
1516 2275 1604 2371 τῇ
1642 2270 1923 2370 Σπάρτῃ
1963 2271 2378 2370 συνηνείχθη

125 2390 423 2485 γενέσθαι
475 2393 630 2489 περὶ
693 2388 1307 2489 παρακαταθήκης,
1363 2390 1698 2492 βούλομαι
1755 2389 1911 2485 ὑμῖν
1971 2390 2173 2462 εἶπαι.
2264 2389 2379 2461 λέ-

125 2524 324 2604 γομεν
345 2512 546 2610 ἡμεῖς
597 2511 660 2581 ot
697 2507 1112 2609 Σπαρτιῆται
1147 2508 1460 2606 γενέσθαι
1497 2510 1567 2582 ἐν
1602 2510 1688 2610 τῇ
1730 2507 2179 2603 Λακεδαίμονι
2216 2506 2383 2582 κατὰ

125 2631 337 2726 τρίτην
372 2632 606 2727 γενεὴν
645 2630 769 2728 τὴν
805 2617 925 2699 ἀπ’
970 2627 1133 2722 ἐμέο
1171 2627 1471 2702 Γλαῦκον
1498 2617 1900 2710 Ἐπικύδεος
1932 2630 2164 2702 παῖδα.
2220 2634 2380 2700 τοῦ·

64 2762 100 2811 ιο
127 2769 225 2815 τον
256 2749 367 2818 τὸν
408 2746 615 2846 ἄνδρα
652 2744 875 2844 φαμὲν
914 2745 997 2819 τά
1032 2771 1104 2818 τε
1141 2745 1318 2820 ἄλλα
1353 2748 1571 2820 πάντα
1612 2750 1950 2846 περιήκειν
2000 2747 2083 2818 τὰ
2117 2756 2379 2846 πρῶτα,
2440 2835 2443 2840 ¹

127 2865 224 2934 καὶ
257 2866 341 2964 δὴ
379 2868 487 2938 καὶ
523 2863 785 2938 ἀκούειν
840 2864 1079 2963 ἄριστα
1116 2865 1541 2965 δικαιοσύνης
1571 2864 1725 2964 πέρι
1759 2866 2032 2938 πάντων
2073 2867 2220 2939 ὅσοι
2254 2870 2376 2964 τὴν

131 2978 581 3080 Λακεδαίμονα
632 2989 865 3057 τοῦτον
918 2986 1028 3056 τὸν
1068 2988 1310 3084 χρόνον
1347 2985 1587 3057 οἴκεον.
1662 2983 2167 3084 συνενειχθῆναι
2204 2984 2281 3056 δέ
2317 2986 2380 3056 οἱ

411 3222 528 3291 περὶ
561 3223 633 3275 ὧν
669 3219 806 3274 εἶπεν
842 3219 1173 3293 Λεωτυχίδης
1222 3221 1348 3290 πρὸς
1383 3214 1693 3291 Ἀθηναίους
1728 3219 1811 3272 διὰ
1848 3218 1993 3279 τοὺς*
2004 3217 2380 3291 παρατεθέντας

314 3289 483 3372 αὐτοῖς
518 3287 791 3361 Αἰγινήτας
1009 3290 1122 3362 περὶ
1159 3286 1391 3343 Γλαύκου
1426 3286 1833 3359 Λακεδαιμονίου
1882 3289 1970 3341 καὶ
2010 3296 2105 3359 τῆς
2144 3287 2379 3359 δοθείσης

314 3357 450 3430 ὠτφ
481 3355 921 3429 παρακαταθήκης

318 3617 397 3671 13.
437 3615 576 3680 ἔλεξε
601 3647 632 3657 -
657 3633 709 3688 p.
748 3616 864 3681 118,
893 3617 925 3667 4
963 3615 1251 3669 ἀπολαῦσαι
1285 3622 1340 3670 et
1408 3656 1418 3668 .
1454 3616 1569 3679 118,
1603 3617 1665 3666 10
1690 3614 1885 3677 ἕδοξε-
1914 3616 1969 3665 11
2002 3613 2058 3666 σέ
2082 3619 2138 3666 et
2166 3616 2227 3666 16
2249 3614 2379 3685 χρό-

218 3687 441 3808 RH?
460 3684 719 3808 Ιδὶωθέετο
758 3692 815 3739 et
847 3686 915 3738 25
953 3685 1002 3739 οἱ
1026 3685 1119 3753 μὲν
1146 3716 1174 3726 -
1211 3701 1265 3753 p.
1300 3686 1354 3736 11
1415 3727 1428 3750 ,
1473 3686 1536 3736 19
1574 3683 1868 3794 ἀποδιδόναι
1906 3682 2175 3737 Stobaeus
2212 3682 2371 3737 floril.

228 3908 268 3958 1.
306 3908 357 3960 ἐν
378 3909 447 3981 τῇ
468 3910 532 3963 dz
585 3912 609 3974 11
671 3907 801 3977 ἀνὴρ
825 3906 1035 3977 δόκιμος
1062 3907 1118 3960 R
1175 3908 1198 3972 11
1246 3904 1549 3976 βουλεύεσθε
1573 3907 1757 3960 AR&
1797 3904 2127 3974 βουλεύεσθαι
2152 3908 2223 3968 B,
2255 3905 2380 3975 βού-

139 3967 265 4026 λεσθε
290 3977 402 4030 ΟΡι
470 3981 493 4042 11
563 3978 609 4028 2.
653 3982 818 4030 ποιεῖν
850 3975 1030 4045 ἄνδρες
1064 3974 1316 4046 αίγινῆται
1337 3975 1399 4038 d,
1442 3977 1484 4028 ὦ
1507 3974 1686 4044 ἄνδρες
1722 3975 1823 4045 αἰγι
1921 3994 1972 4027 αι
2006 3975 2235 4044 ποιήσειν
2262 3976 2318 4027 R
2363 3974 2383 4042 ΙΙ

142 4037 376 4113 βασιλῆας
422 4048 445 4111 11
490 4047 540 4096 4.
579 4063 613 4115 γ
650 4043 927 4112 εόμενοιΡ
966 4046 988 4108 11
1034 4046 1129 4123 τῂν
1156 4043 1289 4101 ὅκως
1317 4045 1373 4096 R
1419 4047 1441 4108 11
1489 4048 1538 4094 5.
1582 4043 1829 4113 ποιήσητε
1957 4046 1979 4108 11
2027 4047 2075 4095 6.
2119 4041 2383 4113 ἐμβάλωσι

144 4111 285 4164 ΑΒάι
318 4112 570 4179 ἐκβάλωσι
599 4063 667 4176 g,
709 4111 959 4181 ἐσβάλωσι
995 4111 1190 4182 rehqui
1258 4115 1282 4177 11
1351 4115 1400 4165 7.
1444 4112 1770 4180 ἐπισπόμενοι
1811 4112 1879 4175 0,
1923 4113 2299 4181 ἑπισπομένοισι
2324 4112 2375 4173 (Ι,

144 4174 532 4249 ‘memma
575 4184 598 4247 11
645 4183 698 4234 9.
738 4180 1093 4253 ὁλευτυχίδης
1120 4181 1176 4233 R
1234 4183 1257 4246 ΙΙ
1313 4180 1624 4251 παραθήκην
1650 4180 1787 4234 3²12
1845 4183 1867 4244 11
1923 4183 2000 4231 10.
2044 4180 2169 4232 οἱδ’
2194 4181 2376 4235 ABG:

144 4243 316 4312 οἰδὲᾶ,
343 4250 390 4302 οἱ
413 4249 606 4320 reliqui
676 4251 700 4314 Ἀ
775 4252 852 4301 11.
895 4248 1192 4320 βασιλῆαςκ
1274 4254 1284 4313 1
1360 4252 1439 4300 12.
1482 4248 1757 4303 &moult
1826 4251 1848 4315 11
1924 4251 2004 4300 16.
2044 4250 2313 4302 τουτέωνε
2360 4249 2379 4314 11

147 4312 354 4378 μὲντιὶν
381 4319 437 4380 0,
467 4320 559 4389 μὲν
580 4322 742 4371 τοῖσιν
767 4318 820 4370 ἐν
848 4318 886 4370 d
930 4321 952 4383 11
1004 4320 1080 4369 17.
1113 4336 1183 4371 πα
1217 4336 1250 4369 α
1323 4336 1357 4369 κ
1395 4337 1419 4375 ς
1447 4319 1600 4371 3²12.
1634 4317 1786 4371 Stob.
1838 4320 1861 4381 11
1908 4317 2017 4369 εἶπε
2049 4313 2097 4371 C'
2134 4320 2157 4382 11
2212 4320 2285 4368 18.
2317 4319 2382 4386 τῆ

147 4384 395 4439 om.stob.
445 4391 467 4451 11
520 4389 597 4439 19.
627 4382 926 4446 Ἐπικυδέος
946 4387 1124 4450 Stob.,
1183 4386 1375 4439 ,πικυδε
1399 4387 1511 4445 δεος
1537 4406 1563 4438 z
1610 4389 1632 4451 11
1680 4387 1762 4438 21.
1795 4384 1850 4438 δθ
1885 4388 1986 4450 καὶ]
2019 4387 2082 4454 δὴ
2107 4387 2163 4438 R
2203 4389 2225 4450 11
2268 4370 2378 4456 περὶ

150 4447 194 4500 Β
230 4454 251 4516 ι
291 4452 393 4508 5002
415 4455 553 4527 napa
576 4454 959 4523 Λακεδαιμονας
985 4455 1132 4509 stob.
1187 4457 1210 4520 ιι
1258 4456 1341 4506 22.
1383 4453 1748 4528 συνενεχθῆναι
1772 4419 1958 4508 Aba
1991 4454 2142 4506 εισι».
