3059 5125
1063 316 1463 377 -Α...
2291 306 2407 370 103

162 496 359 592 ἱκέτην
413 494 480 573 ἐς
528 493 678 564 τόδε
729 493 808 562 ού
846 494 1355 590 τετολμήκαμεν
1397 490 1744 570 ἐκδιδόναι,
1802 490 1952 584 πρὶν
2008 483 2085 558 ἂν
2142 488 2217 556 τὸ
2273 483 2406 557 ἀπὸ

159 620 262 687 σεῦ
292 615 443 712 ἡμῖν
481 613 771 711 δηλωθῇ
811 610 1147 710 ἀτρεκέως
1181 614 1458 711 ὁκότερα
1494 603 1900 704 ποιέωμεν.”
1967 609 2001 677 ό
2042 606 2162 702 μὲν
2197 614 2406 680 ταῦτα

157 736 476 832 ἐπειρώτα,
519 733 554 803 ὁ
593 723 660 804 δ’
714 734 898 813 αὖτις
933 737 1043 803 τὸν
1076 731 1274 804 αὐτόν
1317 757 1434 828 σφι
1470 733 1782 828 χρησμὸν
1821 728 2071 827 ἔφαινε,
2116 728 2404 800 κελεύων

155 854 454 926 ἐκδιδόναι
492 851 810 950 Πακτύην
855 850 1180 950 Πέρσῃσι.
1276 852 1445 950 πρὸς
1495 855 1707 922 ταῦτα
1761 849 1796 919 δ
1826 843 2293 948 Ἀριστόδικος
2331 850 2405 923 ἐκ

102 977 446 1070 ῦπρονοίης
485 972 706 1045 ἐποίεε
743 971 920 1045 τάδε.
1012 973 1287 1071 περιιὼν
1327 973 1439 1041 τὸν
1489 973 1656 1068 νηὸν
1694 969 1921 1066 κύκλῳ
1959 968 2213 1067 ἐξαίρεε
2248 971 2407 1050 τοὺς

151 1092 490 1190 στρουθοὺς
540 1094 651 1163 καὶ
707 1091 881 1164 ἄλλα
937 1093 1064 1163 ὅσα
1113 1093 1198 1190 ῆν
1239 1088 1733 1184 νενοσσευμένα
1771 1089 2056 1189 ὀρνίθων
2093 1088 2294 1186 γένεα
2331 1090 2401 1162 ἐν

152 1216 236 1308 τῷ
271 1215 426 1310 νηῷ.
516 1212 866 1292 ποιέοντος
914 1211 989 1284 δὲ
1040 1210 1245 1282 αὐτοῦ
1299 1216 1510 1283 ταῦτα
1564 1209 1831 1307 λέγεται
1882 1212 2115 1309 φωνὴν
2175 1210 2251 1282 ἐκ
2286 1216 2403 1282 τοῦ

150 1331 367 1404 ἀδύτου
401 1331 716 1430 γενέσθαι
753 1330 1087 1430 φέρουσαν
1128 1330 1249 1425 μὲν
1286 1333 1455 1430 πρὸς
1489 1333 1604 1402 τὸν
1637 1317 2119 1428 Ἀριστόδικον,
2162 1329 2400 1427 λέγου-

148 1478 251 1525 σαν
288 1452 357 1526 δὲ
392 1452 551 1525 τάδε
576 1438 1049 1523 ε’ἀνοσιώτατε
1086 1449 1485 1552 ἀνθρώπων,
1528 1455 1590 1523 τί
1624 1450 1781 1522 τάδε
1816 1451 2079 1548 τολμᾷς
2114 1449 2394 1530 ποιέειν;

99 1603 124 1644 o
151 1574 280 1653 τοὺς
314 1573 530 1654 ἱκέτας
571 1600 706 1666 μου
739 1571 811 1643 ἐκ
848 1576 966 1642 τοῦ
1002 1577 1171 1668 νηοῦ
1208 1560 1605 1672 κεραΐζεις;”
1666 1561 2132 1671 Ἀριστόδικον
2169 1569 2244 1642 δὲ
2282 1571 2403 1641 οὐκ

147 1692 554 1793 ἀπορήσαντα
593 1695 762 1791 πρὸς
796 1696 1005 1763 ταῦτα
1042 1692 1248 1764 είπεῖν
1292 1685 1538 1775 “ὦναξ,
1600 1692 1802 1772 αὐτὸς
1841 1690 1961 1786 μέν
2003 1689 2179 1762 οὕτω
2231 1695 2402 1763 τοῖσι

147 1813 376 1911 ἱκέτῃσι
431 1812 775 1914 βοηθέεις.
841 1808 1188 1905 Κυμαίους
1237 1812 1312 1883 δὲ
1364 1811 1663 1894 κελεύεις
1711 1816 1821 1885 τὸν
1874 1811 2098 1909 ἱκέτην
2139 1811 2398 1883 ἐκδιδό-

144 1923 308 2014 ναι;”
369 1935 480 2005 τὸν
539 1932 618 2006 δέ
656 1933 841 2013 αὖτις
877 1929 1297 2029 ἀμείψασθαι
1335 1933 1586 2005 τοῖσιδε
1633 1918 1796 2004 ι(ναὶ
1847 1931 2120 2004 κελεύω.
2186 1929 2289 2003 ἵνα
2325 1958 2398 2029 γε

149 2053 578 2154 ἀσεβήσαντες
631 2053 890 2125 θᾶσσον
945 2050 1320 2150 ἀπόλησθε,
1377 2055 1473 2133 ὡς
1522 2054 1621 2150 μὴ
1673 2055 1747 2124 τὸ
1787 2052 2016 2123 λοιπὸν
2053 2054 2206 2151 περὶ
2265 2054 2399 2124 ἰκε-

98 2191 123 2240 5
151 2171 287 2243 τέων
324 2172 634 2253 ἐκδόσιος
668 2172 922 2271 ἔλθητε
975 2173 1085 2246 ἐπὶ
1135 2174 1211 2244 τὸ
1248 2161 1735 2271 χρηστήριον.”
1817 2178 2026 2244 ταῦτα
2078 2175 2172 2252 ὡς
2226 2168 2393 2244 ἀπε-
2418 2179 2538 2240 160

143 2294 464 2389 νειχθέντα
501 2295 804 2392 ἤκουσαν
843 2294 906 2364 οί
946 2289 1259 2386 Κυμαῖοι,
1324 2292 1401 2364 οὐ
1451 2292 1852 2392 βουλόμενοι
1907 2291 2059 2366 οὔτε
2097 2292 2401 2372 ἐκδόντες

140 2409 488 2486 ἀπολέσθαι
527 2412 684 2485 οὔτε
719 2403 890 2512 παρ’
935 2413 1242 2485 ἑωυτοῖσι
1280 2411 1554 2509 ἔχοντες
1588 2413 2109 2511 πολιορκέεσθαι
2148 2412 2397 2506 ἐκπέμ-

139 2557 310 2607 πουσι
343 2532 546 2606 αύτὸν
585 2532 658 2615 ἐς
695 2528 1120 2632 Μυτιλήνην.
1209 2535 1271 2605 οἱ
1310 2530 1383 2604 δὲ
1421 2527 1873 2631 Μυτιληναῖοι
1909 2534 2401 2629 ἐπιπέμποντος

139 2659 238 2724 τοῦ
273 2650 638 2752 Μαζάρεος
690 2650 1007 2751 ἀγγελίας
1060 2653 1391 2727 ἐκδιδόναι
1447 2655 1561 2725 τὸν
1605 2651 1920 2753 Πακτύην
1976 2656 2397 2753 παρεσκευά-

90 2796 114 2843 ο
140 2774 310 2853 ζοντο
347 2773 456 2847 ἐπὶ
503 2772 737 2869 μισθῷ
777 2774 921 2870 ὅσῳ
959 2774 1085 2871 δή·
1144 2772 1225 2845 ού
1261 2772 1385 2873 γὰρ
1424 2772 1569 2872 ἔχω
1605 2775 1801 2845 τοῦτό
1844 2800 1921 2871 γε
1958 2775 2162 2846 εἰπεῖν
2200 2771 2395 2873 ἀτρε-

140 2893 324 2974 κέως·
406 2894 489 2965 οὐ
539 2894 670 2992 γὰρ
729 2893 1099 2991 ἐτελεώθη.
1195 2889 1492 2987 Κυμαῖοι
1544 2891 1669 2991 γὰρ
1722 2897 1818 2975 ὡς
1874 2893 2133 2989 ἔμαθον
2189 2901 2399 2967 ταῦτα

138 3018 558 3112 πρησσόμενα
631 3014 706 3085 ἐκ
770 3019 900 3084 τῶν
965 3008 1485 3110 Μυτιληναίων,
1567 3013 1952 3111 πέμψαντες
2023 3016 2257 3086 πλοῖον
2329 3014 2398 3095 ἐς

143 3130 374 3235 Ᾱέσβον
432 3135 864 3228 ἐκκομίζουσι
905 3131 1221 3231 Πακτύην
1274 3132 1346 3212 ἐς
1402 3130 1593 3207 Χίον.
1686 3132 1994 3206 ἐνθεῦτεν
2034 3133 2109 3206 δὲ
2146 3134 2215 3215 ἐξ
2256 3138 2396 3233 ἱροῦ

133 3240 494 3354 Ἀθηναίης
537 3254 909 3351 πολιούχου
946 3252 1414 3334 ἀποσπασθεὶς
1453 3252 1582 3326 ὑπὸ
1622 3253 1805 3327 Χίων
1857 3255 2140 3354 ἐξεδόθη
2173 3279 2187 3291 ·
2251 3254 2395 3336 ἐξέ-

91 3396 118 3443 5
145 3372 324 3446 δόσαν
379 3374 453 3448 δέ
490 3378 555 3447 οί
594 3372 751 3447 Χῖοι
807 3373 919 3447 ἐπὶ
963 3375 1063 3470 τῷ
1096 3363 1418 3471 Ἀταρνέι
1458 3375 1715 3473 μισθῷ·
1774 3382 1893 3447 τοῦ
1932 3374 2007 3447 δέ
2033 3365 2399 3474 Ἀταρνέος

423 3650 540 3721 περὶ
565 3646 804 3704 Πακτύου
829 3648 917 3701 καὶ
941 3656 1051 3707 πῶς
1077 3645 1177 3701 ὑπὸ
1201 3644 1342 3701 Χίων
1368 3646 1582 3719 ἐξεδόθη
1610 3645 1827 3722 Μαζάρη

325 3910 387 3959 19
411 3925 493 3978 sq.
535 3907 862 3963 Plutarchus
887 3926 1021 3962 mor.
1051 3926 1104 3979 p.
1139 3910 1259 3961 859.
1302 3938 1362 3948 -
1405 3910 1486 3960 23.
1520 3939 1548 3949 -
1575 3911 1639 3961 25
1676 3907 1879 3963 ibidem

229 4084 276 4131 3.
314 4081 339 4134 ἐ
415 4085 555 4152 ρώτα
581 4083 649 4136 C:
718 4084 741 4145 11
813 4097 947 4154 σφισι
974 4102 999 4134 z
1070 4086 1092 4144 ΙΙ
1165 4084 1213 4133 5.
1256 4083 1368 4155 περὶ
1395 4084 1483 4136 ίών
1516 4082 1565 4135 C
1628 4085 1651 4146 11
1723 4087 1771 4135 6.
1811 4084 2147 4151 νενοσευμένα
2172 4102 2215 4145 2¹,
2255 4102 2398 4136 νενο-

145 4149 338 4215 μισμένα
416 4190 428 4201 .
455 4151 848 4218 νενεοσσευμένα
874 4152 1072 4205 Portus
1118 4154 1139 4216 11
1191 4154 1236 4203 7.
1277 4156 1387 4221 νηὼ
1416 4154 1465 4206 G
1505 4155 1525 4217 ΙΙ
1573 4158 1733 4205 ταῦτα
1755 4152 1910 4205 αὐτοῦ
1942 4153 2066 4221 Cpr.
2112 4156 2133 4216 ΙΙ
2189 4154 2263 4204 11.
2308 4151 2399 4205 οὔ-

143 4220 293 4271 τωιΒ
336 4224 357 4281 ss
409 4223 488 4272 13.
531 4219 672 4278 αὖτις
699 4222 757 4283 C,
787 4220 985 4279 αὖθιςε
1032 4224 1053 4284 ΙΙ
1101 4220 1270 4274 τοῖσδε
1297 4223 1345 4276 L
1392 4225 1413 4286 11
1467 4224 1546 4273 14.
1587 4220 1930 4275 ἀπόλλυσθετ
1988 4223 2009 4285 ΙΙ
2080 4224 2153 4273 15.
2199 4221 2398 4275 ἔλθοιτε

145 4302 165 4335 2
234 4288 254 4347 ΙΙ
333 4289 752 4361 ἀπενεινεχθέντα
779 4290 826 4343 G
888 4293 910 4354 ΙΙ
992 4292 1069 4342 Π.
1114 4290 1300 4343 ἐωυτοῖ
1330 4293 1378 4345 0
1450 4294 1472 4355 11
1566 4293 1642 4343 18.
1686 4290 1873 4360 μιτυλή
1941 4310 1969 4341 ν
1995 4299 2050 4344 et
2076 4292 2397 4361 μιτυληναῖοι

151 4355 323 4409 13²0st
412 4361 434 4423 11
528 4359 583 4418 ἐς
607 4355 905 4429 Μιτυλήνην
930 4360 1081 4413 αὐτὸν
1108 4360 1425 4428 ἐκπέμπουσι
1451 4378 1478 4413 z
1561 4362 1583 4425 11
1665 4362 1749 4413 20.
1791 4360 1896 4431 ὅσῳ
1952 4360 1987 4429 ἡ
2019 4370 2075 4413 et
2096 4366 2247 4414 τοῦτο
2286 4379 2393 4414 om.

149 4421 273 4477 Plut.
339 4430 361 4489 11
442 4431 527 4481 22.
571 4427 912 4499 μιτυληναίων
936 4428 1141 4484 1320st
1212 4431 1232 4494 11
1304 4431 1388 4482 23.
1427 4435 1545 4501 χῖον
1575 4431 1644 4486 C:
1709 4433 1731 4495 11
1813 4431 1895 4482 24.
1939 4430 2249 4503 πουλιούχου
2275 4450 2302 4484 z
2371 4435 2393 4499 11

154 4493 222 4543 25.
254 4494 353 4566 χίοι
383 4498 430 4549 0
482 4501 504 4561 11
562 4498 768 4568 ἀταρνεῖ
789 4498 915 4552 ,41²2
973 4502 995 4564 11
1056 4496 1324 4570 Αταρνέως
1350 4516 1376 4552 5:

2676 4780 2952 5100 ,j
