3059 5125
1148 349 1437 406 Praefatio.
1523 431 1537 444 .
2252 366 2441 412 xnvn

186 551 404 621 nuper
449 526 714 621 quibus
765 552 894 621 pro
945 537 1280 621 suspecto
1329 535 1517 599 esset
1570 526 1924 623 quidquid
1968 527 2050 597 in
2099 526 2441 619 scriptore

187 655 400 728 nobili
451 682 533 728 ac
568 657 870 728 laudato
911 657 1153 729 minus
1196 657 1487 743 niteret,
1536 679 1673 727 nec
1708 654 2029 749 placeret
2063 654 2207 727 nisi
2242 655 2441 748 quod

184 783 581 879 legitimum
650 786 1092 860 conveniens
1168 786 1603 858 concinnum
1667 786 2055 858 videretur.
2175 783 2440 879 quibus

181 939 322 1009 ego,
359 915 417 985 si
452 917 647 988 hanc
684 940 904 1010 quam
939 940 1141 987 nunc
1175 924 1466 987 tuemur
1492 912 1784 987 dialecti
1812 915 2129 1009 speciem
2168 915 2440 1007 impro-

183 1045 342 1114 bent
417 1053 502 1116 ut
586 1070 632 1116 a
712 1042 1036 1139 perfecta
1103 1045 1632 1139 aequabilitate
1710 1044 2165 1116 remotiorem
2187 1099 2206 1128 ‚
2290 1067 2438 1114 non

182 1197 528 1266 opponam
603 1182 732 1245 aut
795 1174 1062 1247 iactata
1127 1172 1257 1244 illa
1311 1173 1797 1268 Hermogenis
1842 1160 1857 1187 ²
1878 1168 2213 1251 Εκαταῖος
2258 1211 2293 1223 -
2349 1171 2437 1269 τῇ

179 1300 485 1398 διαλέκτῳ
538 1299 816 1401 ἀκράτῳ
871 1303 1002 1374 ed&
1052 1305 1161 1374 καὶ
1216 1301 1297 1373 οὐ
1353 1301 1733 1400 μεμιγμένῃ
1792 1300 2228 1399 χρησάμενος
2281 1297 2439 1370 οὐδὲ

178 1427 324 1499 κατὰ
360 1433 469 1501 τὸν
499 1417 514 1443 ‘
538 1428 882 1529 Ηρόδοτον
919 1430 1216 1529 ποικίλῃ,
1268 1455 1460 1526 quae
1495 1433 1590 1502 ad
1626 1429 1990 1503 delectum
2027 1431 2437 1514 verborum,

176 1581 309 1629 non
373 1561 464 1630 ad
529 1556 1185 1632 conformationem
1249 1560 1858 1654 affectionemque
1916 1566 2250 1652 spectant
2268 1613 2286 1644 ‚
2336 1599 2433 1609 ——-

176 1695 290 1759 aut
347 1685 532 1759 illud
580 1687 965 1783 Apollonii
1011 1688 1313 1785 Dyscoli
1333 1743 1354 1775 ,
1407 1691 1603 1783 quod
1652 1690 1733 1760 in
1777 1686 2002 1760 simili
2049 1711 2268 1759 causa
2310 1689 2438 1759 ad-

175 1816 405 1889 hibuit
455 1817 758 1889 Lobeck
813 1816 1089 1912 pathol.
1144 1817 1224 1888 II
1263 1818 1434 1904 342,
1494 1816 1617 1888 οὐκ
1666 1815 2118 1911 &immutarat
2168 1815 2254 1887 τὰ
2301 1822 2435 1888 τῶν

175 1943 519 2016 διαλέκτων
559 1949 671 2017 καὶ
710 1946 1000 2039 μάλιστα
1043 1945 1134 2018 τὰ,
1176 1952 1309 2016 τῶν
1351 1940 1701 2029 Ἀττικῶν,
1758 1946 1955 2040 quod
2004 1945 2279 2016 dictum
2329 1954 2440 2017 est

173 2075 252 2144 de
283 2075 440 2168 ipso
477 2099 813 2147 sermone
848 2099 998 2146 non
1035 2076 1210 2147 satis
1242 2072 1726 2170 aequabiliter
1760 2099 1890 2170 per
1922 2097 2172 2146 omnes
2198 2082 2439 2169 partes

174 2201 510 2290 absolute,
562 2228 718 2275 non
753 2206 844 2277 de
881 2205 1372 2276 inconstantia
1416 2202 1877 2298 loquentium
1928 2204 2440 2276 scribentium-

177 2357 325 2425 que.
417 2332 590 2427 plus
641 2336 841 2427 apud
893 2333 1275 2428 quospiam
1312 2334 1651 2427 ponderis
1697 2334 1970 2405 habeat
2003 2334 2199 2427 quod
2235 2332 2441 2405 velut

178 2461 410 2535 Cicero
438 2464 532 2534 de
568 2488 648 2534 se
681 2462 840 2557 ipse
868 2485 1146 2557 suaque
1173 2464 1700 2534 consuetudine
1727 2460 1999 2535 fatetur
2026 2466 2229 2533 Orat.
2257 2463 2433 2534 156:

168 2575 370 2664 ‘alans
401 2597 504 2665 ita
541 2594 778 2689 loquor
810 2604 894 2665 ut
923 2616 1306 2664 concessum
1340 2604 1464 2679 est,
1519 2604 1603 2664 ut
1632 2593 1752 2664 hoc
1789 2594 1897 2664 vel
1931 2592 2153 2689 proh
2201 2591 2439 2663 deum

175 2719 304 2793 dico
336 2724 444 2795 vel
475 2723 708 2820 proh
741 2722 1118 2808 deorum,
1171 2722 1350 2793 alia-s·
1381 2733 1461 2794 ut
1509 2745 1773 2793 necesse
1806 2733 1935 2808 est,
1982 2745 2133 2793 cum
2184 2724 2440 2794 trium

175 2854 432 2924 viram
497 2875 640 2923 mm
703 2855 1119 2936 virorum,
1199 2875 1349 2923 cum
1412 2854 1921 2922 sestertium
1988 2874 2435 2937 nummum,

175 3004 294 3052 mm
341 3003 898 3067 nummorum,
953 2979 1237 3076 quodin
1269 2981 1375 3051 leis
1410 2979 1812 3052 consuetudo
1861 2983 2059 3051 varia
2096 3003 2233 3051 non
2279 2981 2437 3052 εει]

176 3122 290 3182 aut
323 3113 521 3206 quod
559 3111 927 3183 verissime
976 3111 1265 3181 monuit
1315 3109 1829 3181 vocabulorum
1879 3110 2266 3182 acerrimus
2310 3134 2442 3182 ex-

177 3249 356 3312 actor
415 3237 728 3312 Carolus
791 3239 1224 3311 Lachmann
1284 3241 1378 3310 ad
1427 3239 1723 3311 Lucret.
1784 3239 1823 3310 Ι
1880 3240 2022 3311 125
2076 3226 2092 3253 ‘
2106 3250 2440 3311 summam

178 3373 614 3442 constantiam
678 3371 752 3439 in
797 3367 1074 3440 dicendo
1133 3367 1555 3441 smffimdove
1612 3392 1932 3463 quaerere
1979 3369 2192 3439 animi
2234 3369 2442 3439 illibe-

177 3499 334 3569 rali-s·
364 3514 514 3571 esse
529 3487 582 3569 ’.
642 3499 771 3596 sed
804 3497 988 3570 haec
1020 3494 1244 3570 fuerit
1269 3496 1537 3592 frigida
1574 3499 1932 3592 quaedam
1966 3497 2153 3569 ratio
2190 3498 2441 3591 dispu—

179 3629 387 3699 tandi.
459 3652 634 3699 nam
673 3650 888 3698 suum
916 3626 1184 3721 cuique
1217 3627 1692 3699 scribentium
1728 3626 2108 3721 ingenium
2143 3636 2278 3713 est,
2310 3651 2443 3698 sua

179 3755 555 3853 disciplina
604 3765 681 3829 et
728 3755 1086 3831 voluntas.
1191 3765 1270 3829 at
1319 3756 1498 3851 qnid
1554 3757 1632 3827 in
1682 3756 2042 3828 Herodoti
2090 3756 2438 3842 oratione,

180 3885 456 3979 qualem
505 3887 586 3959 in
623 3887 1051 3983 Archetypo
1097 3883 1323 3959 fuisse
1374 3894 1504 3957 aut
1551 3894 1829 3958 certum
1878 3894 2008 3957 aut
2054 3883 2444 3958 verisimile

180 4026 300 4099 est,
321 4016 704 4089 tolerabile
739 4016 1104 4088 iudicetur
1137 4015 1315 4109 quid
1347 4013 1832 4102 intolerabile,
1863 4015 2119 4086 nonin
2150 4014 2444 4087 univer-

182 4168 328 4216 sum
376 4147 850 4218 statuendum
883 4155 996 4217 est
1032 4154 1161 4216 aut
1205 4145 1673 4240 praeiudicia,
1724 4167 1979 4216 verum
2016 4144 2441 4216 discendum

185 4277 872 4368 assuescendumque
910 4273 1201 4369 singula
1235 4297 1570 4368 quaeque
1611 4272 1943 4346 sollerter
1993 4276 2442 4346 observando

186 4401 574 4497 colligendo
610 4428 698 4475 ac
731 4403 1119 4498 generibus
1156 4402 1691 4498 distinguendo,
1761 4403 1868 4474 ita
1901 4402 2033 4474 fiet
2064 4411 2151 4474 ut
2183 4402 2443 4489 multa,

189 4554 362 4623 quae
407 4558 604 4606 nunc
654 4533 1008 4627 dissipata
1055 4542 1130 4605 et
1178 4556 1474 4627 poscere
1537 4540 1611 4604 et
1669 4533 1826 4626 pati
1887 4533 2227 4605 videntur
2287 4557 2442 4603 cor-
