3059 5125
1100 322 1480 384 —1—
2300 320 2423 381 393

144 498 265 564 νῦν
325 490 400 564 δὲ
449 493 755 565 ἐκείνοισι
805 499 1015 567 ταῦτα
1068 501 1328 569 ποιεῦσι
1384 495 1505 567 οὐκ
1564 496 1960 592 ἐπιτρεπτέα
2020 494 2196 583 ἐστί,
2251 491 2428 565 ἀλλὰ

147 613 462 685 διωκτέοι
510 613 634 686 είσὶ
688 614 760 695 ές
825 615 862 684 δ
927 614 1516 712 καταλαμφθέντες
1568 618 1858 688 δώσουσι
1920 616 2082 714 ἡμῖν
2148 622 2281 685 τῶν
2341 615 2425 711 δὴ

149 733 486 830 ἐποίησαν
540 729 807 830 Πέρσας
856 732 1123 806 πάντων
1196 723 1438 815 δίκας.”
1561 740 1770 807 ταῦτα
1834 735 2025 815 εἴπας
2086 736 2213 832 ἥγε
2275 735 2433 812 τοὺς
2464 747 2543 807 59

151 850 432 951 Πέρσας
469 852 700 952 δρόμῳ
738 852 1102 953 διαβάντας
1137 858 1248 925 τὸν
1281 846 1585 927 Ἀσωπὸν
1627 851 1794 926 κατὰ
1831 853 2055 953 στίβον
2096 862 2228 925 τῶν
2255 841 2430 924 ζΕλ-

85 988 114 1036 5
153 971 385 1070 λήνων
425 973 521 1052 ὡς
554 970 640 1070 δὴ
680 969 1350 1071 ἀποδιδρησκόντων,
1401 974 1632 1072 ἐπεῖχέ
1686 1000 1757 1046 τε
1795 974 1904 1046 ἐπὶ
1942 973 2430 1065 Λακεδαιμονί-

152 1116 271 1171 ους
317 1115 392 1163 τε
444 1093 553 1162 καὶ
587 1088 928 1188 Τεγεήτας
966 1095 1293 1186 μούνους·
1357 1081 1773 1192 Ἀθηναίους
1812 1092 1940 1192 γὰρ
1976 1090 2435 1191 τραπομένους

151 1210 223 1290 ές
256 1212 340 1281 τὸ
375 1211 605 1282 πεδίον
665 1210 792 1282 ὑπὸ
842 1219 977 1283 τῶν
1030 1210 1257 1308 ὄχθων
1304 1212 1384 1285 οὐ
1421 1216 1710 1311 κατώρα.
1790 1211 2057 1312 Πέρσας
2094 1210 2169 1282 δὲ
2202 1211 2433 1309 ὁρέον-

152 1355 265 1410 τες
318 1329 749 1428 ὁρμημένους
797 1332 1054 1404 διώκειν
1108 1334 1265 1412 τοὺς
1305 1326 1660 1430 ”Ελληνας
1712 1334 1774 1403 οί
1827 1333 2051 1404 λοιποὶ
2087 1338 2222 1402 τῶν
2265 1330 2433 1430 βαρ-

155 1448 457 1550 βαρικῶν
495 1447 744 1521 τελέων
786 1448 1106 1549 ἄρχοντες
1157 1450 1391 1523 αὐτίκα
1439 1451 1681 1532 πάντες
1732 1453 1968 1550 ἤειραν
2017 1452 2100 1525 τὰ
2143 1454 2435 1548 σημήια,

74 1583 122 1631 10
157 1571 268 1640 καὶ
306 1568 584 1641 ἐδίωκον
623 1574 720 1650 ὡς
753 1571 982 1641 ποδῶν
1021 1569 1289 1644 ἕκαστοι
1324 1569 1506 1666 εἶχον
1528 1628 1546 1658 ,
1602 1570 1755 1642 οὔτε
1794 1575 2029 1667 κόσμῳ
2066 1569 2285 1641 οὐδενὶ
2321 1596 2437 1640 κο-

158 1686 544 1786 σμηθέντες
585 1687 738 1760 οὔτε
772 1688 935 1766 τάξι.
1027 1692 1135 1761 καὶ
1172 1689 1354 1761 οὗτοι
1394 1690 1512 1782 μὲν
1553 1690 1684 1790 βοῇ
1721 1714 1793 1762 τε
1830 1692 1942 1760 καὶ
1980 1689 2198 1785 ὁμίλῳ
2237 1688 2437 1785 ἐπήι-
2472 1699 2554 1760 60

158 1833 280 1881 σαν
340 1809 439 1886 ὡς
488 1805 1033 1906 ἀναρπασόμενοι
1081 1812 1239 1890 τοὺς
1278 1797 1672 1907 σΕλληνας·
1762 1806 2149 1907 Παυσανίης
2188 1808 2296 1896 δέ,
2345 1811 2441 1887 ὡς

157 1925 556 2024 προσέκειτο
617 1928 663 2023 ἡ
724 1926 958 2016 ἵππος,
1010 1930 1283 2026 πέμψας
1341 1931 1510 2026 πρὸς
1558 1928 1716 2007 τοὺς
1756 1916 2170 2025 Ἀθηναίους
2234 1924 2440 1998 ἱππέα

160 2044 345 2143 λέγει
381 2044 560 2117 τάδε.
618 2033 904 2145 ((ἄνδρες
927 2037 1312 2145 Ἀθηναῖοι,
1353 2046 1614 2143 ἀγῶνος
1654 2050 1964 2145 μεγίστου
1999 2044 2439 2145 προκειμένου

75 2181 127 2230 15
160 2163 533 2262 ἐλευθέρην
571 2165 736 2238 εἶναι
773 2167 816 2264 ἢ
860 2166 1377 2264 δεδουλωμένην
1415 2171 1538 2265 τὴν
1568 2161 1912 2251 ἹΞλλάδα,
1969 2164 2441 2264 προδεδόμεθα

165 2285 291 2356 ὑπὸ
347 2293 484 2355 τῶν
534 2286 912 2383 συμμάχων
962 2288 1162 2385 ἡμεῖς
1209 2312 1282 2358 τε
1331 2288 1392 2358 οἱ
1430 2284 1946 2379 Λακεδαιμόνιοι
1997 2287 2108 2356 καὶ
2153 2286 2343 2377 ὑμεῖς
2381 2286 2443 2352 οἱ

154 2396 525 2502 Ἀθηναῖοι
579 2403 704 2475 ὑπὸ
742 2408 862 2502 τὴν
898 2405 1412 2503 παροιχομένην
1449 2407 1652 2476 νύκτα
1690 2403 2118 2503 διαδράντων.
2193 2408 2310 2474 νῦν
2349 2401 2442 2472 ὧν

165 2523 471 2597 δέδοκται
526 2527 602 2596 τὸ
654 2523 961 2597 ἐνθεῦτεν
1018 2527 1092 2596 τὸ
1145 2523 1464 2623 ποιητέον
1511 2526 1712 2623 ἡμῖν·
1809 2521 2273 2618 ἀμυνομένους
2318 2521 2442 2620 γὰρ

165 2646 248 2744 τῇ
298 2643 646 2737 δυνάμεθα
695 2642 934 2743 ἄριστα
985 2644 1438 2742 περιστέλλειν
1490 2643 1852 2742 ἀλλήλους.
1940 2644 1997 2715 εἰ
2055 2641 2174 2736 μέν
2225 2669 2338 2712 νυν
2376 2641 2447 2720 ἐς

79 2775 137 2826 2⁰
171 2763 380 2857 ὑμέας
418 2764 703 2861 ὥρμησε
741 2762 959 2863 ἀρχὴν
995 2766 1042 2861 ἡ
1084 2761 1315 2851 ἵππος,
1367 2771 1540 2863 χρῆν
1594 2763 1681 2860 δὴ
1732 2762 1954 2860 ἡμέας
2007 2787 2081 2833 τε
2138 2764 2246 2832 καὶ
2290 2763 2447 2840 τοὺς

172 2875 308 2975 μετ’
372 2883 610 2979 ἡμέων
660 2887 784 2980 τὴν
807 2875 1117 2953 Ἑλλάδα
1157 2882 1233 2953 οὐ
1263 2882 1711 2981 προδιδόντας
1747 2879 2086 2979 Τεγεήτας
2123 2878 2442 2979 βοηθέειν

172 2999 359 3095 ὑμῖν·
433 3006 549 3071 νῦν
610 3000 723 3090 δέ,
780 3002 851 3081 ές
885 3000 1107 3100 ἡμέας
1141 3001 1283 3099 γὰρι
1305 3000 1537 3074 ἅπασα
1573 3004 1963 3098 κεχώρηκε,
2019 3000 2259 3070 δίκαιοί
2296 2999 2446 3070 ἐστε

174 3120 360 3214 ὑμεῖς
394 3124 565 3219 πρὸς
599 3124 722 3219 τὴν
757 3120 1163 3217 πιεζομένην
1210 3119 1496 3214 μάλιστα
1531 3128 1668 3191 τῶν
1711 3118 2001 3217 μοιρέων
2041 3115 2447 3212 ἀμυνέοντες

177 3240 357 3313 ἰέναι.
452 3240 509 3311 εἰ
568 3229 627 3311 δ’
689 3237 820 3338 ἄρα
877 3239 1122 3319 αὐτοὺς
1151 3250 1156 3255 ’
1187 3239 1397 3332 ὑμέας
1445 3236 1959 3338 καταλελάβηκε
2010 3236 2333 3309 ἀδύνατόν
2385 3261 2448 3309 τι

88 3374 144 3425 25
179 3356 533 3457 βοηθέειν,
590 3361 777 3453 ὑμεῖς
833 3346 889 3430 δ’
951 3361 1114 3457 ἡμῖν
1167 3360 1323 3438 τοὺς
1368 3357 1647 3437 τοξότας
1702 3355 2222 3453 ἀποπέμψαντες
2251 3355 2448 3453 χάριν

177 3476 403 3550 θέσθε.
496 3480 887 3571 συνοίδαμεν
945 3477 1017 3549 δὲ
1056 3477 1204 3571 ὑμῖν
1245 3477 1370 3548 ὑπὸ
1409 3478 1517 3546 τὸν
1558 3479 1893 3574 παρεόντα
1925 3477 2114 3547 τόνδε
2151 3475 2449 3567 πόλεμον

486 3712 770 3774 Παυσανίας
796 3714 967 3786 δηλῶν
991 3712 1283 3784 Ἀθηναίοις
1310 3712 1569 3785 βοηθῆσαι
1592 3713 1731 3784 αὐτῷ
1759 3719 1864 3766 τῶν
1887 3710 2095 3782 Περσῶν
2121 3711 2452 3779 ἐπικειμένων

282 3962 331 4012 2.
373 3961 460 4013 ὲσὸ
484 3959 595 4010 AB
664 3961 685 4023 11
758 3962 806 4010 3.
848 3958 1154 4027 ἐποιήσαντο
1179 3974 1206 4006 z
1276 3960 1298 4022 11
1366 3958 1418 4007 4.
1457 3958 1544 4009 τὸν
1569 3972 1678 4009 om.
1706 3974 1733 4007 z
1802 3957 1825 4018 11
1886 3958 1932 4005 7.
1976 3954 2193 4023 ὁρῶντες
2215 3951 2379 4004 ABR
2434 3952 2454 4019 11

187 4030 232 4079 ὃ.
270 4028 595 4108 ὁρμημένους
619 4029 758 4081 AB=
795 4029 838 4079 ‹i›
872 4027 1131 4097 μημένους
1201 4027 1224 4090 11
1294 4026 1342 4076 9.
1385 4022 1602 4084 ἅπαντες
1637 4025 1693 4076 R
1763 4026 1784 4088 11
1853 4030 2002 4092 ῆιραν
2029 4024 2168 4084 ΑΒ,
2209 4020 2340 4090 ἦραν
2364 4037 2450 4073 re-

187 4094 314 4166 liqm
372 4101 394 4164 11
459 4100 536 4149 10.
581 4096 791 4155 ἕκαστος
819 4046 933 4149 ᾖδε.
993 4098 1014 4161 ΙΙ
1072 4095 1202 4164 ἧκον
1230 4095 1286 4147 R
1344 4097 1366 4159 11
1431 4094 1510 4144 11.
1552 4093 1686 4154 τάξει
1711 4092 1795 4147 Rb
1845 4096 1867 4157 11
1916 4092 2128 4161 ἐπήισαν
2154 4094 2223 4149 Α,
2257 4089 2451 4160 ἐπῆσαν

191 4165 268 4218 Bo
336 4169 358 4231 11
433 4167 513 4219 12.
554 4164 962 4235 ἀναρπασάμενοι
987 4169 1204 4225 Acorr.,
1247 4161 1669 4232 ἀρπασόμενοιΙί
1739 4164 1762 4226 11
1840 4163 1918 4212 13.
1964 4159 2134 4223 ἱππέα]
2175 4156 2387 4226 ἄνδραῐ)
2433 4158 2454 4224 ΙΙ

195 4235 267 4286 15.
307 4234 601 4305 ἐλευθερίην
639 4238 668 4289 b
738 4237 760 4299 11
834 4236 915 4284 18.
953 4232 1247 4286 τοενθεῦτεν
1287 4232 1360 4284 Pz
1430 4233 1451 4295 11
1521 4232 1577 4283 τὸ
1616 4248 1721 4281 om.
1755 4230 1811 4282 R
1881 4233 1903 4295 11
1972 4229 2100 4298 ἡμῖν
2128 4227 2304 4278 Peorr.
2334 4227 2450 4279 Rz:

190 4300 303 4372 ὑμῖν
361 4307 383 4369 11
442 4305 526 4355 20.
576 4302 799 4373 ὴμέαςδ
857 4304 880 4367 11
927 4301 1119 4372 ὅρμησε
1152 4300 1368 4354 ABsz
1427 4302 1449 4364 11
1505 4300 1640 4370 χρὴν
1665 4298 1772 4351 ΑΒ
1826 4300 1848 4364 11
1909 4300 1992 4349 21.
2035 4289 2390 4366 μετ’ήμὲαςι
2435 4295 2456 4362 ΙΙ

194 4404 269 4525 ²⁴0¹(
309 4405 534 4530 aszBd
586 4409 608 4470 ιι
668 4411 766 4477 ἄρα
789 4404 904 4457 ΑΒ
960 4408 984 4470 ιι
1044 4406 1126 4457 25.
1170 4402 1306 4455 δὲιι
1365 4405 1387 4467 ιι
1444 4403 1525 4453 26.
1572 4386 1778 4454 θέσθαιε
1813 4399 1885 4463 0,
1930 4397 2113 4454 θέσθαι
2140 4398 2192 4450 R
2245 4400 2268 4464 ιι
2332 4396 2453 4467 ὑμῖν

191 4490 225 4543 χ
260 4491 330 4542 ριν
