3059 5125
593 356 637 401 1.
1591 333 1879 389 Praefatio.

596 536 788 606 quae
863 511 1061 605 apud
1122 510 1520 583 Stobaeum
1584 465 1874 583 ‘extant
1992 534 2307 605 quorum
2376 512 2467 584 de
2530 535 2867 606 perversa

597 637 1048 734 confusaque
1098 640 1392 713 ionismi
1443 640 1859 713 imitatione
1908 642 2199 713 monuit
2233 641 2490 735 paucis
2526 644 2656 713 sed
2694 641 2867 713 scite

597 770 1003 844 Bredovius
1067 794 1140 864 p.
1193 771 1312 842 51.
1443 795 1685 864 neque
1748 782 1997 843 tamen
2068 772 2317 843 credat
2380 779 2656 844 temere
2730 772 2866 843 nisi

595 901 726 993 qui
777 899 935 994 ipse
986 899 1364 994 usurparit
1411 898 1667 980 oculis,
1710 923 1932 993 quam
1981 898 2097 971 illi
2146 923 2551 996 eorumque
2594 899 2867 973 similes

595 1027 984 1122 pueriliter
1046 1029 1284 1100 dicam
1353 1029 1846 1123 imperiteque
1919 1054 2016 1101 an
2076 1028 2384 1102 licenter
2444 1054 2594 1102 non
2658 1031 2867 1102 modo

591 1158 1088 1232 diversissima
1113 1180 1448 1252 quaeque
1484 1166 1560 1229 et
1583 1182 1851 1252 genere
1879 1167 1957 1231 et
1982 1165 2221 1231 aetate
2251 1160 2863 1240 commiscuerint,

593 1289 719 1360 sed
753 1311 946 1360 nova
981 1295 1056 1358 et
1089 1287 1427 1359 inaudita
1473 1310 1610 1382 pro
1660 1311 1794 1359 sua
1843 1289 2155 1383 quisque
2192 1289 2528 1362 doctrina
2568 1313 2657 1362 ac
2702 1287 2867 1360 libi·

593 1418 766 1490 dine
831 1414 1282 1488 effinxerint.
1389 1416 1570 1510 quid
1635 1418 1825 1510 quod
1886 1419 2199 1512 scriptor
2247 1420 2548 1513 quidam
2596 1441 2865 1504 rerum,

593 1571 816 1642 quem
863 1546 1057 1617 ridet
1098 1546 1473 1618 Lucianus
1523 1545 1849 1642 quomodo
1882 1547 2114 1619 histor.
2156 1570 2406 1620 consor.
2456 1550 2575 1635 18,
2628 1550 2869 1622 Hero-

592 1677 748 1748 doti
784 1673 922 1747 illa
969 1675 1053 1772 ἧν
1094 1669 1505 1772 Κανδαύλης
1550 1676 1666 1746 τὸν
1728 1675 1792 1747 οἱ
1829 1668 2175 1773 Ἕλληνες
2224 1671 2566 1775 Μυρσίλον
2617 1676 2863 1772 ὀνομά-

592 1807 781 1888 ζουσι
844 1805 1089 1875 hunce
1163 1802 1246 1874 in
1315 1805 1617 1875 modum
1695 1805 1873 1876 dum
1932 1805 2268 1877 imitatur
2328 1808 2699 1901 corrupit:
2789 1809 2865 1905 ἧν

582 1927 884 2033 Ὀσρόης
929 1955 1029 2011 τις
1077 1933 1188 2002 τὸν
1241 1932 1305 2002 οἱ
1339 1924 1688 2029 αΈλληνες
1728 1925 2057 2032 Ὀξυρόην
2111 1932 2608 2027 ὀνυμέουσι.
2718 1938 2868 2030 ipse

593 2062 968 2134 Lucianus
994 2060 1102 2132 ita
1127 2059 1555 2154 loquentem
1579 2058 1759 2134 facit
1783 2048 1799 2076 ‘
1815 2086 1949 2156 pro
1974 2085 2107 2136 suo
2134 2052 2358 2135 more’
2404 2062 2865 2138 Herodotum

591 2191 674 2262 de
730 2188 921 2262 domo
973 2190 1069 2261 20
1125 2186 1398 2286 ἀληθέα
1446 2188 1605 2262 τάδε
1658 2188 1695 2259 ὁ
1752 2188 1951 2287 λόγος
2005 2189 2189 2287 ὑμῖν,
2258 2190 2492 2290 ἄνδρες
2541 2193 2863 2274 δικασταί,

593 2318 909 2414 μυθέεται
962 2321 1072 2389 καί
1129 2317 1192 2388 οἱ
1246 2315 1564 2389 πείσεσθε
1620 2316 1746 2390 ὅσα
1798 2315 1877 2391 ἂν
1939 2318 2107 2417 λέγῃ
2170 2319 2461 2392 τουτέων
2512 2321 2667 2420 πέρι
2725 2320 2865 2419 ὄψιν

593 2446 801 2548 ἀκοῆς
834 2445 1248 2544 προτιμέων,
1311 2445 1392 2517 in
1427 2446 1699 2540 quibus
1749 2448 2038 2521 τουτέων
2084 2446 2356 2522 falsum
2406 2474 2541 2545 pro
2584 2452 2860 2526 τούτων.

590 2575 972 2676 προτιμέων
1013 2575 1487 2649 vehementer
1522 2577 1850 2685 dubium.
1944 2579 2206 2652 horum
2243 2580 2477 2676 igitur
2524 2580 2865 2675 exemplo

591 2715 669 2779 et
717 2705 1150 2778 auctoritate
1202 2705 1496 2777 invecta
1540 2707 1858 2779 arbitror
1907 2706 2060 2780 illis
2106 2709 2286 2804 ipsis
2320 2706 2635 2781 saeculis
2670 2708 2863 2810 βασι-

593 2834 760 2932 ληίῃ
798 2821 1146 2927 ‘reginae’
1207 2829 1264 2903 Δ
1302 2834 1425 2920 33,
1477 2838 1747 2932 τήντινα
1801 2830 1856 2905 Α
1900 2837 2034 2922 90,
2087 2835 2563 2935 ἑπιτράψονται
2598 2834 2654 2908 Γ
2699 2838 2864 2922 155,

591 2959 871 3034 Βάττεω
908 2958 972 3033 Β
1016 2963 1185 3048 181,
1229 2958 1543 3060 Κροίσεω
1579 2960 1629 3034 Θ
1677 2964 1843 3050 122,
1883 2960 2343 3065 Μεμβλιάροω
2381 2963 2439 3035 Δ
2480 2967 2648 3038 147.
2698 2968 2863 3049 148,

589 3088 904 3163 Σουσὲων
941 3086 1002 3161 Ε
1039 3090 1162 3176 35,
1215 3088 1435 3186 αὐτέῳ
1481 3086 1537 3161 Α
1587 3091 1754 3177 133,
1804 3093 2093 3164 τουτέων
2145 3094 2225 3165 in
2272 3117 2543 3189 genere
2583 3120 2865 3169 mascu-

590 3220 747 3292 lino
809 3227 886 3293 et
944 3229 1209 3292 neutro
1273 3216 1329 3290 A
1386 3221 1503 3292 50.
1568 3221 1735 3293 125.
1792 3218 1857 3292 Β
1909 3221 1976 3293 3.
2034 3218 2089 3292 Δ
2141 3223 2208 3294 9.
2267 3220 2357 3319 (Η
2418 3224 2625 3319 124),
2689 3226 2864 3299 item

592 3347 850 3421 αὐτέων
891 3342 946 3417 Α
989 3350 1057 3422 9.
1099 3350 1264 3422 125.
1305 3350 1472 3422 126.
1512 3349 1679 3422 133.
1723 3350 1888 3422 141.
1938 3351 2104 3423 146.
2155 3352 2321 3425 165.
2383 3348 2440 3423 Ε
2484 3356 2550 3424 5.
2585 3356 2708 3426 27.
2746 3357 2859 3428 52.

589 3475 641 3549 Ζ
673 3479 796 3564 27,
825 3501 992 3549 rara
1026 3501 1204 3549 sane
1239 3478 1320 3550 in
1348 3486 1556 3550 tanta
1580 3476 2001 3572 frequentia
2026 3479 2292 3552 horum
2321 3484 2860 3575 pronominum.

588 3607 766 3678 hinc
817 3629 1033 3699 porro
1083 3615 1258 3679 nata
1302 3606 1647 3679 videntur
1695 3615 1771 3679 et
1807 3632 1995 3703 quae
2033 3607 2157 3680 hic
2193 3608 2350 3680 illic
2382 3611 2644 3686 obviae
2696 3624 2866 3685 sunt.

590 3734 1120 3806 adiectivorum
1167 3734 1248 3807 in
1295 3761 1372 3816 υς
1418 3732 1695 3809 formae
1730 3734 2133 3810 femininae
2183 3762 2334 3811 non
2376 3739 2456 3810 in
2492 3740 2574 3812 έα
2620 3743 2752 3814 sed
2788 3742 2863 3812 in

590 3861 670 3960 έη
739 3873 869 3935 aut
928 3867 1033 3962 είη
1099 3866 1442 3937 cadentes
1506 3864 1838 3961 (Bredov.
1893 3892 1966 3962 p.
2032 3867 2239 3964 157),
2302 3878 2379 3942 et
2437 3869 2867 3964 imperfecta

590 3993 992 4088 aoristique
1025 3994 1545 4090 barytonorum
1595 4019 1731 4090 pro
1769 4021 1923 4068 οντο
1958 3995 2327 4069 declinata
2360 3999 2443 4069 in
2478 4020 2657 4084 εατο,
2698 4022 2863 4095 per-

588 4146 841 4216 peram
877 4121 1160 4195 scilicet
1196 4123 1681 4197 similitudine
1732 4127 1825 4197 ab
1861 4122 2205 4219 perfectis
2240 4150 2643 4221 eorumque
2680 4152 2863 4223 quae

589 4260 764 4324 sunt
810 4252 891 4323 in
931 4277 1005 4345 μι
1039 4253 1544 4346 praesentibus
1595 4252 2213 4350 imperfectisque,
2265 4255 2471 4329 velut
2511 4256 2861 4330 κεκλέαται

589 4378 891 4452 τιθέαται
927 4379 1256 4464 ἑτιθέατο,
1301 4380 1598 4454 tralata:
1655 4381 2019 4483 ἐβουλέατο
2073 4379 2132 4456 Α
2174 4388 2242 4457 4.
2301 4384 2354 4458 Γ
2400 4387 2567 4473 143,
2619 4385 2859 4459 ἐναπε-

589 4506 854 4589 νιζέατο
889 4504 951 4579 Β
997 4509 1167 4594 173,
1209 4504 1683 4607 ἀπογραφέατο
1722 4507 1779 4583 Ε
1817 4513 1941 4600 29,
1993 4513 2309 4613 ἐγενὲατο
2344 4511 2408 4587 Β
2453 4517 2623 4603 166,
2670 4493 2857 4616 περιέ
