3059 5125
1189 385 1266 397 —
1358 347 1576 412 Γ-
2398 350 2522 412 349

256 522 543 595 τουτέων
604 522 725 618 μὲν
770 529 903 593 τῶν
953 521 1278 595 ἐντολέων
1332 522 1766 622 μεμνημένος
1800 521 2311 603 ἐπελανθάνετο,
2376 521 2411 591 ὁ
2449 520 2525 593 δὲ

254 642 666 742 παρήγγειλε
702 644 787 741 τῇ
826 645 1102 742 στρατιῇ
1152 643 1369 715 πάντα
1416 645 1530 713 τὸν
1584 640 1666 714 ἂν
1715 640 1974 742 λάβωσι
2025 642 2136 712 καὶ
2172 639 2382 739 ἄνδρα
2416 642 2524 712 καὶ

254 762 463 835 παῖδα
517 763 773 856 ὁμοίως
818 764 1114 833 κτείνειν.
1218 760 1507 834 ἐνθαῦτα
1563 768 1688 861 τῆς
1740 769 2057 862 στρατιῆς
2111 762 2172 831 οἱ
2227 758 2348 855 μὲν
2403 763 2524 858 τὴν

256 879 616 980 ἀκρόπολιν
668 880 1093 978 ἐπολιόρκεον
1113 939 1127 962 ,
1190 883 1252 952 οί
1310 879 1383 951 δὲ
1429 879 1718 954 ἔκτεινον
1772 882 1993 954 πάντα
2049 883 2160 951 τὸν
2211 878 2525 973 ἐμποδὼν

198 1002 605 1096 5,·μνόμενον
657 999 910 1093 ὁμοίως
956 998 1027 1070 ἔν
1083 1025 1156 1071 τε
1196 1002 1322 1098 ἱρῷ
1364 1002 1471 1072 καὶ
1521 997 1655 1079 ἔξω
1706 1003 1871 1099 ίροῢ.
1977 995 2389 1097 Μαιάνδριος
2447 997 2521 1070 δὲ
2545 1011 2664 1073 148

254 1117 556 1218 ἀποδρὰς
591 1119 669 1191 ἐκ
698 1127 822 1218 τῆς
857 1118 1095 1213 Σάμου
1141 1117 1408 1191 ἐκπλέει
1449 1118 1521 1198 ἐς
1559 1117 2034 1211 Λακεδαίμονα
2058 1142 2072 1155 ·
2126 1115 2527 1212 ἀπικόμενος

256 1238 330 1310 δὲ
383 1237 454 1319 ἐς
505 1237 715 1337 αὐτὴν
765 1241 876 1309 καὶ
926 1237 1431 1331 ἀνενεικάμενος
1481 1237 1568 1310 τὰ
1618 1237 1795 1335 ἔχων
1844 1236 2250 1336 ἐξεχώρησε,
2304 1237 2526 1309 ἐποίεε

254 1357 500 1429 τοιάδε.
593 1357 770 1436 ὅκως
802 1360 1097 1456 ποτήρια
1150 1356 1443 1456 ἀργύρεά
1490 1382 1566 1428 τε
1621 1359 1731 1432 καὶ
1779 1358 2035 1455 χρύσεα
2069 1355 2406 1454 προθεῖτο,
2465 1357 2528 1427 οί

259 1473 377 1570 μὲν
432 1474 840 1574 θεράποντες
894 1477 1098 1548 αὐτοῦ
1146 1475 1448 1571 ἐξέσμων
1499 1475 1703 1556 αὐτά,
1765 1477 1801 1547 ὁ
1854 1467 1922 1547 δ’
1981 1473 2061 1548 ἂν
2114 1478 2227 1546 τὸν
2280 1476 2524 1573 χρόνον

172 1619 226 1668 ιο
257 1600 491 1667 τοῦτον
554 1596 654 1691 τῷ
714 1590 1081 1688 Κλεομένεϊ
1145 1598 1246 1691 τῷ
1292 1586 1828 1695 Ἀναξανδρίδεω
1906 1595 1975 1666 ἂν
2046 1593 2303 1690 λόγοισι
2368 1593 2521 1672 ἐών,

258 1713 677 1815 βασιλεύοντι
709 1712 1049 1812 Σπάρτης.
1087 1714 1349 1813 προῆγέ
1386 1740 1494 1809 μιν
1533 1713 1604 1794 ἐς
1637 1712 1721 1786 τὰ
1757 1715 1960 1785 οἰκία·
2002 1713 2179 1794 ὅκως
2210 1712 2285 1785 δὲ
2322 1712 2528 1783 ἴδοιτο

262 1830 662 1932 Κλεομένης
694 1830 777 1904 τὰ
809 1837 1123 1931 ποτήρια,
1184 1829 1640 1926 ἀπεθώυμαζέ
1692 1858 1766 1905 τε
1801 1835 1909 1904 καὶ
1940 1831 2433 1930 ἐξεπλήσσετο·
2491 1831 2527 1900 ὁ

256 1950 332 2023 δὲ
366 1949 447 2024 ἂν
478 1951 745 2024 ἐκέλευε
778 1952 975 2024 αὐτὸν
1010 1950 1471 2051 ἀποφέρεσθαι
1505 1951 1726 2024 αὐτῶν
1763 1952 1892 2022 ὅσα
1928 1951 2259 2052 βούλοιτο.
2330 1955 2529 2020 τοῦτο

259 2074 367 2143 καὶ
414 2071 517 2151 δὶς
573 2073 682 2142 καὶ
732 2073 875 2169 τρὶς
919 2073 1230 2151 εἴπαντος
1266 2065 1688 2169 Μαιανδρίου
1744 2072 1781 2142 ὁ
1819 2068 2219 2167 Κλεομένης
2274 2069 2526 2141 δικαιό-

171 2214 227 2263 15
258 2215 456 2269 τατος
486 2187 755 2288 ἀνδρῶν
791 2195 1053 2286 γίνεται,
1113 2190 1187 2271 ὃς
1238 2190 1467 2291 λαβεῖν
1519 2188 1637 2284 μὲν
1689 2191 2006 2284 διδόμενα
2054 2189 2174 2260 οὐκ
2211 2187 2523 2264 ἐδικαίου,

262 2308 499 2403 μαθὼν
540 2306 617 2380 δὲ
653 2312 749 2389 ὡς
784 2306 1047 2380 ἄλλοισι
1084 2309 1310 2388 διδοὺς
1344 2317 1479 2382 τῶν
1516 2306 1741 2382 ἀστῶν
1781 2309 2138 2408 εὑρήσεται
2173 2312 2524 2405 τιμωρίην,

263 2425 384 2530 βὰς
440 2426 553 2501 ἐπὶ
604 2429 763 2507 τοὺς
819 2426 1103 2525 ἐφόρους
1171 2425 1440 2522 ἄμεινον
1505 2426 1674 2500 εἶναι
1731 2427 1867 2526 ἔφη
1926 2430 2013 2527 τῇ
2069 2426 2354 2526 Σπάρτῃ
2413 2430 2526 2497 τὸν

261 2548 469 2629 ξεῖνον
514 2548 629 2619 τὸν
665 2545 916 2640 Σάμιον
959 2543 1511 2621 ἀπαλλάσσεσθαι
1555 2546 1628 2620 ἐκ
1665 2555 1789 2648 τῆς
1826 2545 2365 2645 Πελοποννήσου,
2425 2543 2528 2616 ἵνα

265 2671 359 2766 μὴ
423 2665 755 2764 ἀναπείσῃ
823 2666 869 2763 ἢ
937 2664 1135 2738 αὐτὸν
1196 2668 1242 2765 ἢ
1308 2667 1512 2741 ἄλλον
1575 2665 1720 2738 τινὰ
1775 2665 2259 2766 Σπαρτιητέων
2325 2667 2527 2737 κακὸν

170 2807 230 2858 2⁰
262 2785 599 2883 γενέσθω.
683 2787 745 2855 οἱ
784 2774 847 2855 δ’
896 2784 1394 2867 ὑπακούσαντες
1442 2785 1838 2885 ἐξεκήρυξαν
1878 2781 2311 2882 Μαιάνδριον.
2403 2788 2523 2883 τὴν
2546 2799 2667 2860 149

264 2905 337 2978 δὲ
380 2904 615 2998 Σάμον
671 2903 1257 3002 [σαγηνεύσαντες]
1305 2907 1367 2977 οἱ
1416 2902 1671 3003 Πέρσαι
1717 2903 2095 3002 παρέδοσαν
2149 2902 2532 2976 Συλοσῶντι

265 3022 522 3123 ἔρημον
560 3023 803 3096 ἐοῦσαν
839 3020 1123 3120 ἀνδρῶν.
1218 3020 1476 3121 ὑστέρῳ
1512 3023 1740 3118 μέντοι
1775 3026 2002 3122 χρόνῳ
2037 3026 2143 3094 καὶ
2181 3028 2528 3118 συγκατοί-

264 3169 399 3216 κισε
454 3143 665 3241 αὐτὴν
723 3142 759 3212 ὁ
827 3142 1199 3240 στρατηγὸς
1238 3131 1529 3241 Ὀτάνης
1591 3141 1670 3215 ἔκ
1727 3168 1800 3215 τε
1866 3141 2057 3239 ὄψιος
2112 3140 2368 3238 ὀνείρου
2425 3144 2532 3213 καὶ

265 3264 508 3334 νούσου
543 3264 591 3360 ἧ
632 3287 740 3356 μιν
778 3259 1109 3361 κατέλαβε
1145 3269 1431 3362 νοσῆσαι
1466 3261 1551 3333 τὰ
1588 3261 1831 3334 αἰδοῖα.

174 3404 235 3453 ²5
405 3371 574 3454 Ἐπὶ
612 3378 687 3451 δὲ
723 3380 955 3474 Σάμον
994 3381 1492 3479 στρατεύματος
1537 3387 1845 3453 ναυτικοῦ
1896 3381 2258 3476 οἰχομένου
2293 3378 2671 3483 Rufio-150

571 3599 846 3659 ἀπόστασις
870 3595 1216 3669 Βαβυλωνίων
1238 3600 1326 3653 καὶ
1348 3600 1618 3674 πολιορκία
1640 3601 1729 3654 καὶ
1751 3599 1939 3660 ἅλωσις
1965 3599 2049 3654 διὰ
2072 3597 2327 3674 Ζωπύρου

474 3758 556 3810 11.
596 3754 839 3810 Bekkeri
863 3754 1074 3809 Anecd.
1102 3771 1157 3825 p.
1192 3756 1309 3808 100.
1346 3784 1416 3795 —
1451 3755 1534 3808 20.
1583 3754 1907 3827 (Hesychius
1929 3772 1979 3810 v.
2011 3755 2402 3828 σαγηνεύσαντες
2416 3756 2455 3822 Ρ)

371 3880 417 3929 1.
454 3876 651 3931 τούτων
676 3876 849 3930 ΑΒΕ
904 3879 927 3941 11
989 3877 1038 3928 3.
1076 3874 1303 3928 κτανέειν
1329 3877 1381 3941 d,
1406 3875 1625 3928 κτενέειν
1649 3895 1676 3928 z
1733 3878 1755 3942 11
1812 3879 1863 3928 4.
1904 3875 2113 3929 ἔκτανον
2139 3878 2177 3930 d
2220 3880 2243 3943 11
2296 3878 2534 3948 ἐμποδῶν

270 3949 375 4002 AB
435 3950 459 4013 11
522 3949 570 3999 5.
612 3938 855 3999 bisz'
911 3946 934 4010 11
993 3946 1043 3997 7.
1084 3938 1227 3997 81³:
1282 3947 1305 4010 11
1363 3945 1451 3997 καὶ
1476 3945 1655 3998 om.d
1707 3948 1729 4011 11
1789 3945 2248 4014 ἑνενεικάμενοςΕ
2303 3950 2325 4030 11
2391 3949 2439 3999 8.
2478 3964 2534 3997 τε

270 4033 373 4069 om.
400 4018 515 4070 AB
568 4018 591 4079 11
649 4012 922 4085 προθέοιτο
946 4012 1249 4067 Bredovius
1306 4016 1328 4078 11
1393 4015 1444 4066 9.
1485 4013 1694 4082 ὶξίσμον
1720 4014 1778 4066 R
1838 4017 1860 4079 11
1917 4015 1945 4068 ὁ
1973 4013 2028 4066 δὲ
2053 4012 2113 4066 ἂν
2145 4014 2201 4077 0,
2234 4014 2292 4067 ὄδ
2341 4014 2402 4068 ἂν
2426 4034 2453 4068 z
2510 4020 2532 4081 11

275 4087 350 4136 11).
387 4083 791 4152 κλεομένειΑΒ
871 4084 894 4148 11
978 4084 1058 4134 11.
1100 4082 1326 4150 οἰκήϊαε
1405 4086 1427 4147 11
1514 4084 1594 4134 12.
1635 4081 1844 4135 amadan
1923 4081 1976 4143 ζέ
2003 4084 2068 4147 P,
2107 4078 2320 4136 ἀπεθωιῖ
2362 4084 2450 4145 αζέ
2475 4102 2531 4138 z:

269 4152 573 4218 ἀπεθώμαζέ
598 4153 710 4216 Ra,
752 4150 1087 4219 ἐπεθώυμαζέ
1118 4152 1175 4215 C,
1217 4149 1517 4219 ἐπεθώμαζε
1542 4152 1656 4205 ΑΒ
1736 4153 1758 4214 11
1921 4151 1976 4203 δὲ
1999 4153 2177 4215 ABG,
2223 4152 2294 4215 ὃς,
2355 4147 2368 4165 ’
2393 4154 2431 4205 d
2506 4156 2530 4218 11

274 4224 346 4273 13.
387 4221 657 4275 ἀνεκίλευε
688 4220 767 4274 od
808 4224 831 4285 11
878 4219 1072 4273 αὐτέων
1097 4219 1265 4291 ἀποφέ
1325 4218 1442 4272 σθαι
1467 4219 1671 4272 αὐτὸνε
1716 4223 1739 4285 11
1797 4221 1875 4271 15.
1918 4220 1972 4278 ὃς
2000 4237 2105 4274 om.
2139 4221 2195 4272 R
2240 4223 2262 4286 11
2310 4219 2535 4274 ἐδικαίου

269 4290 463 4346 ABR:
493 4288 715 4343 ἐδικαίευ
782 4290 806 4353 11
879 4290 959 4341 16.
1002 4286 1217 4340 ὃιαδιδοῖ
1368 4292 1390 4353 11
1464 4290 1544 4340 18.
1585 4286 1937 4357 πελοπονήσου
1961 4288 2058 4341 Rd
2111 4291 2133 4353 11
2202 4290 2280 4340 19.
2320 4287 2356 4357 ἢ
2384 4289 2535 4342 αὐτὸν

271 4360 431 4413 ΡΒιε
459 4358 613 4412 αὐτὸν
675 4360 698 4422 11
764 4359 847 4413 20.
890 4356 941 4410 οἴ
962 4357 1304 4415 πακοὺσαντες
1330 4356 1385 4407 R
1447 4359 1471 4422 11
1535 4356 1837 4426 ἐξεκήρυξαν
1863 4386 1892 4397 -
1917 4357 1976 4408 21
2009 4375 2070 4410 σα
2138 4356 2398 4416 νεύσαντες
2423 4375 2530 4411 om.

274 4429 326 4481 R
368 4432 393 4494 Ι
439 4428 522 4479 21.
564 4425 958 4497 σαγηνεύσαντες
983 4425 1180 4479 seclusi
1226 4428 1250 4490 11
1298 4427 1382 4477 22.
1424 4426 1617 4496 ἔρημον
1642 4442 1747 4478 om.
1779 4426 1854 4491 dt,
1881 4375 2152 4497 ἐρῆμοντὶζ
2193 4428 2216 4492 11
2267 4426 2536 4497 συγκατοί-

270 4513 418 4567 κησεν
447 4497 502 4549 R
548 4497 573 4561 11
618 4496 703 4547 23.
743 4495 893 4547 νόσου
920 4495 977 4547 R
