3059 5125
658 314 739 378 28
1589 310 1990 375 —E—

653 488 887 585 πάσης
922 484 1153 584 ἄρχειν
1190 484 1569 574 εὐπετέως,
1624 483 1795 557 ἄλλο
1829 509 1892 557 τι
1929 484 2295 584 αἱρήσεσθε
2317 477 2378 570 ;”
2432 479 2879 583 Ἀρισταγόρης

660 603 779 701 μὲν
816 609 1028 677 ταῦτα
1064 602 1285 694 ἔλεξε,
1343 600 1740 702 Κλεομένης
1789 601 1863 675 δὲ
1911 601 2224 705 ἀμείβετο
2273 605 2547 678 τοῖσιδε.
2621 597 2726 676 “ὦ
2758 602 2878 682 ξεῖνε

658 719 981 822 Μιλήσιε,
1021 719 1486 822 ἀναβάλλομαί
1525 749 1629 795 τοι
1665 722 1738 804 ἐς
1773 727 2003 821 τρίτην
2041 722 2310 822 ἡμέρην
2350 713 2871 822 ὑποκρινέεσθαι.”

545 857 625 917 50
655 845 804 915 τότε
839 840 957 937 μὲν
997 841 1069 921 ἐς
1101 847 1420 914 τοσοῦτον
1458 842 1727 940 ἤλασαν
1754 864 1768 878 ·
1825 840 2045 913 ἐπείτε
2081 841 2156 913 δὲ
2190 843 2237 939 ἡ
2273 846 2469 940 κυρίη
2507 843 2732 942 ἡμέρη
2765 839 2877 937 ἐγέ-

654 987 805 1035 νετο
843 967 966 1060 τῆς
1002 959 1385 1059 ὑποκρίσιος
1420 962 1530 1032 καὶ
1581 958 1798 1058 ἦλθον
1843 959 1913 1040 ἐς
1967 961 2044 1031 τὸ
2102 965 2531 1057 συγκείμενον
2553 1020 2571 1049 ,
2626 962 2818 1059 εἴρετο
2853 959 2878 1029 ὁ
2920 981 2938 1024 5

659 1077 1063 1175 Κλεομένης
1097 1081 1209 1150 τὸν
1238 1068 1735 1178 Ἀρισταγόρην
1784 1077 2081 1152 ὁκοσέων
2125 1081 2440 1178 ἡμερέων
2491 1077 2621 1151 ἀπὸ
2659 1078 2876 1151 θαλάσ-

660 1225 791 1295 σης
825 1205 950 1297 τῆς
976 1191 1231 1268 Ἰώνων
1282 1196 1438 1278 ὁδὸς
1486 1198 1593 1296 εἴη
1648 1196 1834 1295 παρὰ
1864 1196 2171 1298 βασιλέα.
2259 1199 2295 1268 ὁ
2333 1196 2408 1268 δέ
2434 1188 2880 1295 Ἀρισταγόρης

657 1316 872 1389 τᾶλλα
909 1316 1040 1387 ἐὼν
1076 1317 1285 1412 σοφὸς
1319 1318 1430 1386 καὶ
1467 1314 1851 1415 διαβάλλων
1881 1314 2127 1388 ἐκεῖνον
2157 1317 2232 1388 εὖ
2260 1316 2332 1389 ἐν
2360 1319 2578 1412 τούτῳ
2613 1314 2876 1414 ἐσφάλη·

655 1438 855 1535 χρεὸν
892 1436 1020 1534 γάρ
1061 1459 1170 1528 μιν
1212 1435 1309 1574 μή
1347 1434 1563 1531 λέγειν
1598 1437 1674 1506 τὸ
1709 1433 1861 1522 ἐόν,
1919 1433 2328 1535 βουλόμενόν
2383 1461 2464 1532 γε
2499 1435 2879 1577 Σπαρτιήτας

657 1555 997 1651 ἐξαγαγεῖν
1029 1551 1105 1634 ἐς
1138 1556 1261 1652 τὴν
1290 1545 1578 1650 ’,Ασίην
1631 1550 1812 1650 λέγει
1848 1541 1906 1625 δ’
1953 1551 2046 1622 ὦν
2082 1560 2281 1650 τριῶν
2321 1563 2559 1652 μηνῶν
2589 1551 2714 1651 φὰς
2742 1550 2877 1623 εἶναι
2903 1570 2941 1620 ιο

654 1677 778 1772 τὴν
835 1671 1092 1746 ἄνοδον.
1203 1672 1240 1742 δ
1298 1667 1373 1742 δὲ
1426 1670 1824 1769 ὑπαρπάσας
1879 1672 1993 1742 τὸν
2050 1671 2398 1745 ἐπίλοιπον
2459 1674 2655 1770 λόγον
2710 1675 2806 1742 τὸν
2848 1669 2876 1738 ὅ

645 1780 1142 1890 Ἀρισταγόρης
1177 1791 1458 1888 ὥρμητο
1516 1789 1733 1886 λέγειν
1783 1792 1935 1888 περὶ
1993 1799 2116 1890 τῆς
2162 1789 2359 1879 ὁδοῦ,
2414 1778 2634 1864 εἶπε“
2647 1790 2701 1861 ὦ
2745 1791 2876 1870 ξεῖνε

656 1905 1018 2012 Μιλήσιε,
1017 1906 1454 1981 ἀπαλλάσσεο
1490 1909 1566 1980 ἐκ
1599 1907 1922 2007 Σπάρτης
1954 1911 2085 2007 πρὸ
2122 1907 2353 1990 δύντος
2385 1909 2612 2008 ἡλίου·
2673 1905 2876 1981 οὐδένα

658 2026 784 2128 γὰρ
818 2027 1016 2124 λόγον
1055 2026 1299 2099 εὐεπέα
1339 2026 1557 2124 λέγεις
1593 2025 2210 2120 Λακεδαιμονίοισι,
2248 2026 2507 2100 ἐθέλων
2543 2027 2737 2125 σφέας
2769 2023 2877 2096 ἀπὸ

546 2159 623 2219 51
658 2146 1012 2244 θαλάσσης
1040 2152 1239 2244 τριῶν
1279 2153 1511 2244 μηνῶν
1553 2145 1707 2217 ὁδὸν
1743 2133 2078 2241 ἀγαγεῖν.”
2162 2146 2199 2216 ὑ
2238 2144 2361 2240 μὲν
2403 2145 2490 2244 δὴ
2529 2143 2877 2240 Κλεομένης
2902 2165 2941 2215 15

656 2272 866 2339 ταῦτα
901 2266 1093 2346 εἴπας
1126 2266 1239 2363 ἤιε
1275 2264 1346 2345 ἐς
1380 2262 1465 2335 τὰ
1501 2264 1697 2352 οίκία,
1736 2264 1773 2334 ὑ
1810 2262 1885 2335 δὲ
1913 2253 2408 2364 Ἀρισταγόρης
2443 2265 2663 2366 λαβὼν
2692 2266 2874 2359 {merq-

660 2388 810 2483 ρίην
848 2385 958 2482 ἤιε
995 2382 1067 2464 ἐς
1099 2388 1216 2454 τοῦ
1251 2379 1716 2477 Κλεομένεος,
1779 2381 2079 2455 ἐσελθὼν
2133 2382 2206 2455 δὲ
2263 2382 2402 2456 ἔσω
2454 2383 2574 2457 ἅτε
2615 2381 2875 2454 ἱκετεύων

657 2502 1025 2576 ἐπακοῦσαι
1067 2500 1331 2574 ἐκέλευε
1384 2504 1495 2573 τὸν
1536 2497 1927 2596 Κλεομένεα
1979 2498 2475 2599 ἀποπέμψαντα
2513 2506 2587 2575 τὸ
2618 2501 2872 2574 παιδίον·

655 2625 1110 2719 προσεστήκεε
1164 2618 1289 2719 γὰρ
1343 2620 1427 2719 δὴ
1476 2624 1578 2717 τῷ
1608 2617 1983 2715 Κλεομένεϊ
2029 2622 2076 2718 ἡ
2126 2619 2474 2720 θυγάτηρ,
2529 2622 2613 2721 τῇ
2659 2619 2873 2710 οὔνομα

654 2743 741 2839 ἧν
798 2737 1069 2838 Γοργώ·
1171 2744 1367 2811 τοῦτο
1422 2738 1499 2810 δέ
1561 2741 1625 2810 οἱ
1679 2742 1790 2811 καὶ
1841 2744 2090 2832 μοῦνον
2144 2740 2374 2812 τέκνον
2428 2740 2732 2839 ἐτύγχανε
2778 2735 2868 2807 ἐὸν
2893 2756 2940 2804 ²0

655 2857 863 2932 ἐτέων
901 2856 1077 2930 ὀκτὼ
1117 2857 1164 2955 ἢ
1203 2857 1401 2931 ἐννέα
1435 2857 1729 2956 ἡλικίην.
1823 2854 2222 2956 Κλεομένης
2259 2857 2334 2929 δὲ
2370 2858 2584 2956 λέγειν
2622 2883 2718 2952 μιν
2747 2852 2866 2927 ἐκέ-

655 2978 807 3049 λευε
841 2973 925 3047 τὰ
961 2977 1274 3077 βούλεται
1314 2975 1491 3075 μηδὲ
1527 2975 1828 3072 ἐπισχεῖν
1864 2982 1982 3048 τοῦ
2018 2977 2286 3049 παιδίου
2323 2975 2565 3050 εἵνεκα.
2630 2975 2867 3050 ἐνθαῦτα

657 3098 742 3194 δὴ
780 3096 817 3165 ὁ
844 3082 1340 3193 Ἀρισταγόρης
1390 3093 1636 3193 ἄρχετο
1689 3094 1762 3166 ἐκ
1799 3095 1962 3167 δέκα
1995 3094 2341 3167 ταλάντων
2385 3096 2864 3194 ὑπισχνεόμενος,

655 3216 741 3313 ἤν
781 3215 843 3285 οἱ
880 3213 1237 3310 ἐπιτελέσῃ
1275 3220 1410 3284 τῶν
1442 3212 1692 3285 ἐδέετο.
1764 3212 2201 3294 ἀνανεύοντος
2238 3211 2312 3285 δὲ
2343 3219 2465 3285 τοῦ
2503 3211 2866 3306 Κλεομένεός

654 3331 1012 3433 προέβαινε
1059 3335 1229 3405 τοῖσι
1284 3336 1595 3431 χρήμασι
1651 3331 2160 3432 ὑπερβάλλων
2133 3359 2170 3402 ο
2198 3325 2714 3432 Ἀρισταγόρης
2754 3324 2862 3406 ἐςὸ
2889 3342 2938 3391 2⁵

654 3452 1071 3549 πεντήκοντά
1106 3475 1179 3522 τε
1214 3451 1509 3522 τάλαντα
1547 3449 1948 3522 ὑπεδέδεκτο
2003 3454 2111 3522 καὶ
2159 3452 2238 3521 τὸ
2282 3451 2551 3523 παιδίον
2583 3447 2858 3549 ηὐδάὲαῑῡ

648 3555 931 3667 “,πάτερ
971 3568 1354 3667 διαφθερέει
1393 3593 1470 3640 σε
1507 3569 1544 3639 ὑ
1574 3568 1803 3657 ξεῖνος,
1840 3570 1926 3667 ἢν
1967 3572 2064 3666 μὴ
2093 3566 2390 3649 ἀποστὰς
2423 3557 2588 3668 ἴηςῗ
2647 3569 2684 3637 ὅ
2710 3590 2770 3635 τε
2796 3560 2856 3656 δὴ

660 3683 1059 3785 Κλεομένης
1105 3686 1343 3786 ἡσθεὶς
1390 3693 1508 3758 τοῦ
1565 3686 1832 3759 παιδίου
1883 3689 1970 3786 τῇ
2015 3688 2369 3785 παραινέσι
2423 3689 2534 3786 ἤιε
2581 3688 2647 3767 ἐς
2686 3683 2855 3778 ἕτερον

853 3974 1063 4045 ασίρήεσ
1005 3971 1151 4027 εσαιθ
1175 3966 2851 4095 ΒῖΙΙ2.τοῖσδε-ὗ113.άπορέεθαι.ὗ11,πσλῑῗάοιρί

656 4041 2099 4216 ΙιΙΙδὸόωνᾱΙΙΊωίωΒΙΙβσιλΞ
2155 4030 2832 4117 119.χρεὼνᾱιη10.λέ

782 4161 1926 4228 ιιιδὲῶαιιιιεπεταύιανιιιτ
2072 4161 2361 4227 anm!
2386 4157 2849 4227 ιιιμεςιταιιου-

656 4182 2850 4486 32⁹2..¹·2.2²÷0532⁴33⁶3222⁶¹13⁹..2=2³÷5201⁶⁰„33²

836 4299 1557 4488 013‘24.⁶⁷gnn2kw20d
1764 4367 2103 4431 .σοέυΑΒ,
2144 4367 2331 4420 §eonon
2417 4366 2580 4429 ὲςο

818 4434 944 4489 ποδέ
1034 4437 1226 4491 τοΑΒ
1271 4438 1295 4501 ΙΙ
1342 4437 1423 4488 27.
1467 4435 1550 4488 δια
1613 4369 1761 4506 Ιορέ2ε5ι
1745 4438 1857 4500 tB,
1888 4435 2080 4508 διαφθα
2083 4435 2185 4507 ρέει
2167 4436 2362 4501 :Gan
2409 4437 2494 4488 2.8
2533 4376 2828 4505 παραινίῦεῐῦ
