3059 5125
520 345 629 389 LVI
1501 321 1796 377 Praefatio.

521 500 649 595 qui
688 499 984 571 atticam
1034 505 1111 572 et
1155 499 1432 594 ubique
1482 498 1973 585 circumflecti,
2024 494 2265 579 Νεκῶς
2298 498 2362 570 Β
2410 499 2575 571 158.
2628 500 2801 586 159,

520 625 721 700 Νεκῶ
756 628 821 698 Β
866 629 1032 699 158.
1073 623 1126 696 Δ
1165 628 1288 713 42,
1326 624 1564 700 Νεκῶν
1601 626 1665 698 Β
1712 627 1879 713 152,
1920 620 2255 725 Μανερῶς
2290 627 2354 698 Β
2396 628 2517 713 79,
2576 623 2796 697 Ναθῶ

518 756 582 827 Β
629 756 810 841 165,
865 753 1195 855 Σαβακῶς
1242 752 1304 826 Β
1351 755 1533 841 139,
1597 753 1933 855 Σαβακῶν
1985 755 2050 825 Β
2097 754 2261 827 137.
2311 757 2491 842 152,
2556 753 2795 827 Σεθῶν

518 886 582 957 Β
629 885 810 970 141,
874 879 1110 981 Φερῶν
1160 884 1225 954 Β
1271 885 1436 957 111.
1545 885 1670 956 sed
1721 885 1919 978 quod
1967 884 2127 956 dixi
2185 885 2437 957 omnia
2483 884 2801 956 circum-

517 1014 738 1101 flecti,
775 1036 1010 1085 unum
1037 999 1322 1110 Ἰνάρως
1359 1008 1422 1082 H
1465 1014 1536 1098 7,
1577 1004 1825 1111 Ἰνάρω
1862 1009 1917 1082 Γ
1961 1013 2074 1085 12.
2124 1014 2214 1084 15
2269 1014 2801 1108 excipiendum

519 1152 651 1230 est,
703 1143 901 1239 quod
949 1165 1100 1214 non
1147 1142 1382 1214 audeo
1427 1165 1628 1213 nunc
1662 1149 1954 1235 praeter
2002 1142 2416 1236 paradosim
2465 1143 2548 1214 in
2597 1141 2803 1214 ordi-

518 1297 689 1345 nem
753 1295 1048 1367 cogere:
1134 1271 1477 1366 quodque
1550 1270 1760 1365 sequi
1832 1269 2402 1344 declinationem
2471 1271 2801 1358 atticam,

518 1398 726 1498 Τυφῶ
776 1399 1003 1473 semel
1054 1401 1356 1495 quidem
1403 1396 1679 1495 legitur
1728 1396 1780 1470 Γ
1820 1402 1865 1472 5
1879 1453 1898 1486 ,
1957 1400 2154 1473 idem
2206 1425 2378 1474 vero
2434 1401 2519 1473 in
2566 1400 2805 1473 usita-

521 1531 782 1602 tiorem
848 1529 1155 1602 Graecis
1227 1525 1540 1601 formam
1613 1528 1921 1604 deflexit
1981 1528 2045 1600 B
2098 1531 2241 1602 156
2305 1525 2548 1626 Τυφῶν
2621 1554 2807 1601 casu

522 1668 757 1745 reem,
817 1659 960 1732 144
1013 1653 1327 1754 Τυφῶνα.
1443 1682 1492 1728 a
1537 1655 1737 1756 τέρας
1789 1666 1866 1731 et
1911 1656 2138 1756 τέρεος
2185 1655 2386 1756 τέρεα
2433 1669 2809 1732 venerunt

520 1785 571 1859 Θ
626 1789 721 1860 37
775 1787 1019 1859 ionico
1067 1810 1270 1859 more
1316 1793 1392 1859 et
1440 1810 1615 1858 vero
1662 1783 1911 1885 τέρατα
1960 1787 2025 1857 Β
2066 1787 2163 1859 82
2214 1785 2527 1882 vulgari.
2611 1786 2805 1868 υἱέας

522 1913 575 1986 Δ
628 1917 724 1988 84
777 1916 1080 1988 unicum
1139 1923 1251 1988 est
1309 1940 1448 1988 nec
1504 1915 1740 2011 magis
1787 1917 2233 1988 movendum
2287 1939 2508 2011 quam
2573 1919 2802 2015 κρίνεα

521 2046 585 2118 Β
612 2047 707 2118 92
738 2054 1112 2140 tamquam
1148 2069 1194 2116 a
1228 2046 1450 2142 κρίνας
1484 2043 1961 2130 declinatum,
1998 2069 2169 2116 cum
2203 2046 2302 2117 sit
2334 2048 2407 2117 A
2443 2046 2585 2117 195
2623 2069 2806 2117 con-

520 2182 811 2247 suetum
862 2176 1106 2272 κρίνον.
1197 2174 1430 2268 magis
1477 2172 1845 2245 mirabilis
1906 2173 2175 2268 triceps
2232 2199 2367 2269 per
2414 2198 2623 2246 casus
2673 2176 2807 2247 de-

521 2304 770 2376 ductio
806 2304 966 2375 eius
1003 2303 1199 2396 quod
1248 2310 1361 2375 est
1408 2301 1488 2374 in
1538 2303 1911 2374 communi
1954 2326 2097 2374 usu
2147 2300 2452 2401 δένδρον,
2510 2328 2661 2399 qua
2706 2305 2805 2376 de

523 2457 675 2505 non
725 2431 1090 2526 praecipit
1137 2432 1372 2527 magis
1424 2455 1645 2527 quam
1697 2432 2038 2505 observat
2084 2440 2480 2526 narratque
2526 2431 2807 2505 lexico-

522 2561 975 2658 graphorum
1020 2558 1571 2634 sollertissimus
1620 2560 1886 2634 Aelius
1933 2560 2361 2658 Dionysius.
2450 2561 2799 2636 Eustath.

525 2691 613 2763 Il.
654 2715 725 2785 p.
769 2690 915 2764 396
975 2688 1189 2761 ἰστέον
1242 2686 1319 2761 δὲ
1368 2690 1469 2761 ὅτι
1503 2687 1576 2762 έν
1614 2692 1715 2786 τῷ
1743 2685 1973 2761 Αἰλίου
2009 2686 2355 2762 Διονυσίου
2391 2688 2632 2786 λεξικῷ
2671 2692 2804 2787 φέ-

523 2844 707 2919 ρεται
745 2817 847 2890 ὅτι
895 2816 1158 2916 λέγεται
1206 2815 1287 2889 οὐ
1339 2820 1542 2911 μόνον
1593 2816 1944 2917 δένδρον
2001 2813 2178 2888 ἀλλὰ
2229 2819 2338 2889 καὶ
2395 2816 2803 2916 δένδρεον

523 2949 634 3019 καὶ
670 2944 1053 3045 δένδρος.
1145 2948 1317 3044 φησὶ
1352 2950 1510 3043 γοῦν
1550 2946 1649 3018 ὅτι
1685 2945 1955 3045 δένδρον
1995 2943 2252 3039 μᾶλλον
2289 2944 2337 3044 ἦ
2376 2943 2653 3044 δένδρος
2691 2949 2803 3017 καὶ

524 3074 769 3173 δένδρα
803 3072 1059 3167 μᾶλλον
1093 3072 1141 3172 ἦ
1179 3072 1446 3173 δένδρη,
1507 3075 1617 3145 καὶ
1653 3075 1720 3146 αἱ
1754 3077 2045 3155 πτώσεις
2079 3070 2357 3171 δένδρου
2396 3074 2505 3146 καὶ
2541 3072 2801 3174 δένδρῳ

525 3201 782 3298 μᾶλλον
841 3201 888 3300 ἢ
955 3199 1209 3299 δένδρει
1266 3201 1313 3300 ἢ
1379 3200 1692 3300 δένδρους
1770 3202 1992 3296 (apud
2054 3202 2341 3274 Atticos
2400 3201 2798 3297 videlieet).

523 3329 840 3427 Ξενοφῶν
871 3327 947 3402 δὲ
978 3331 1185 3428 φησὶν
1221 3328 1492 3410 ἐκείνως
1525 3328 1783 3424 μᾶλλον
1819 3327 2154 3423 ὀνομάζει,
2195 3330 2466 3429 δένδρος
2500 3332 2610 3402 καὶ
2645 3330 2799 3403 δέν-

524 3457 664 3558 δρει
701 3461 809 3530 καὶ
846 3456 1146 3556 δένδρεσι
1181 3460 1289 3529 καὶ
1326 3455 1569 3556 δένδρη
1624 3458 1733 3529 καὶ
1783 3456 2065 3556 δένδρεα
2098 3457 2237 3531 κτλ.
2292 3459 2374 3531 in
2418 3459 2800 3532 Herodoto

521 3586 742 3683 longe
794 3584 1225 3682 praevalent
1269 3584 1546 3660 formae
1596 3585 2057 3682 trisyllabae:
2128 3584 2437 3685 δένδρεον
2486 3586 2798 3686 δενδρέου

524 3714 814 3813 δενδρέῳ
849 3711 905 3785 Δ
942 3717 1063 3788 22.
1105 3714 1228 3800 23,
1266 3714 1548 3812 δένδρεα
1585 3713 1913 3812 δενδρέων
1954 3714 2211 3788 multis
2245 3714 2448 3789 locis.
2541 3741 2799 3811 quam-

521 3868 742 3938 quam
781 3844 1212 3940 ambiguum
1248 3851 1359 3917 est
1391 3841 1710 3937 pluralia
1743 3844 1927 3916 haec
1962 3868 2007 3914 a
2050 3841 2355 3941 δένδρεον
2406 3846 2798 3918 descende-

520 3973 674 4045 rint
709 3997 804 4045 an
841 3974 936 4045 ab
982 3969 1272 4071 δένδρος,
1330 3973 1525 4066 quod
1574 3970 1801 4046 semel
1838 3970 2115 4068 legitur
2158 3970 2210 4043 Z
2250 3974 2368 4052 79,
2422 3972 2795 4068 semelque

521 4098 820 4199 δένδρεσι
856 4100 920 4171 Β
956 4101 1121 4174 138.
1188 4100 1447 4174 tertiae
1484 4102 1803 4196 denique
1841 4102 2111 4196 speciei
2150 4124 2337 4197 quae
2373 4111 2485 4174 est
2518 4100 2796 4201 δένδρον

523 4230 668 4301 duo
716 4228 1059 4325 exempla
1105 4232 1179 4302 A
1224 4231 1390 4303 193.
1448 4228 1501 4302 Γ
1548 4232 1689 4304 107
1752 4255 1903 4303 non
1961 4255 2152 4326 nego
2200 4228 2418 4304 facile
2468 4232 2797 4325 potuisse

521 4383 563 4430 e
600 4354 903 4456 δένδρεον
942 4357 1060 4432 vel
1089 4355 1360 4457 δένδρος
1390 4360 1787 4454 corrumpi,
1819 4361 1947 4433 sed
1972 4369 2315 4454 corrupta
2348 4384 2502 4434 esse
2536 4384 2797 4455 reapse

497 4487 600 4591 vid
635 4510 808 4559 vero
855 4488 1216 4564 incertum
1256 4496 1386 4562 est.
1479 4512 1619 4561 nec
1653 4489 2009 4585 assentior
2050 4489 2199 4562 iam
2234 4488 2596 4563 Bredovio
2632 4488 2799 4562 vul-
