3059 5125
1064 336 1481 398 —H—
2290 342 2414 405 263

143 510 770 602 περισπερχεόντων
822 511 907 606 τῇ
965 515 1207 609 γνώμῃ
1250 514 1503 609 ταύτῃ,
1561 512 1766 583 αὐτοῦ
1803 537 1872 584 τε
1912 515 2128 607 μένειν
2170 514 2422 611 ἐψηφί-

144 626 290 704 ζετο
326 624 622 716 πέμπειν
672 651 741 698 τε
793 627 1120 724 ἀγγέλους
1157 630 1228 711 ές
1263 627 1381 710 τὰς
1414 631 1658 712 πόλιας
1690 632 2083 712 κελεύοντάς
2119 659 2237 729 σφι
2275 632 2423 704 ἐπι-

145 743 497 841 βοηθέειν,
537 747 634 825 ώς
672 745 919 818 ἐόντων
959 748 1178 818 αὐτῶν
1208 748 1451 844 ὀλίγων
1493 752 1774 848 στρατὸν
1811 753 1924 821 τὸν
1959 746 2225 850 Μήδων
2265 750 2424 825 ἀλέ-

146 863 405 941 ξασθαι.

291 978 527 1055 Ταῦτα
564 982 1071 1083 βουλευομένων
1110 987 1374 1083 σφέων,
1414 988 1676 1081 ἔπεμπε
1712 987 1970 1087 Ξέρξης
2006 990 2418 1062 κατάσκοπον
2433 994 2558 1054 208

147 1100 347 1173 ἱππέα
401 1102 662 1175 ἰδέσθαι
714 1104 940 1177 ὁκόσοι
986 1093 1114 1177 εἰσὶ
1162 1111 1267 1179 καὶ
1324 1109 1363 1179 6
1409 1135 1471 1180 τι
1503 1100 1819 1180 ποιέοιεν.
1897 1107 2181 1207 ἀκηκόεε
2218 1107 2293 1180 δὲ
2327 1106 2427 1180 ἔτι

144 1221 269 1291 ἐὼν
310 1221 382 1292 ἐν
423 1221 767 1319 Θεσσαλίῃ
807 1226 903 1304 ὡς
942 1222 1271 1324 ἁλισμένη
1313 1228 1420 1324 εἴη
1461 1230 1673 1324 ταύτῃ
1714 1230 1994 1325 στρατιὴ
2032 1227 2229 1327 ὀλίγη
2257 1286 2275 1315 ,
2315 1230 2425 1300 καὶ

145 1342 294 1420 τοὺς
341 1341 693 1437 ἡγεμόνας
749 1344 845 1422 ως
894 1342 1132 1440 εἴησαν
1198 1345 1714 1439 Λακεδαιμόνιοί
1771 1372 1844 1418 τε
1914 1348 2023 1417 καὶ
2075 1346 2427 1445 Λεωνίδης

147 1459 269 1530 ἐὼν
307 1459 508 1554 γένος
534 1446 549 1472 ‘
571 1456 1012 1558 Ηρακλείδης.
1111 1473 1206 1545 ὼς
1256 1465 1329 1536 δὲ
1375 1464 1768 1563 προσήλασε
1808 1466 1842 1536 ὁ
1877 1467 2114 1547 ἱππεὺς
2147 1471 2315 1564 πρὸς
2350 1466 2425 1537 τὸ

86 1601 113 1647 0
147 1580 600 1676 στρατόπεδον
622 1635 640 1665 ,
701 1577 975 1676 ἐθηεῖτό
1017 1607 1089 1654 τε
1128 1586 1235 1654 καὶ
1277 1589 1546 1682 κατώρα
1580 1587 1712 1656 πᾶν
1755 1583 1875 1678 μὲν
1912 1583 1990 1655 οὒ
2026 1588 2103 1656 τὸ
2138 1587 2424 1682 στρατό-

146 1698 381 1768 πεδον·
461 1704 621 1781 τοὺς
668 1700 794 1800 γὰρ
846 1701 985 1776 ἔσω
1021 1702 1469 1799 τεταγμένους
1502 1708 1622 1773 τοῦ
1659 1706 1954 1799 τείχεος,
2004 1706 2084 1775 τὸ
2118 1700 2425 1800 ἀνορθώ-

148 1842 379 1898 σαντες
432 1818 620 1916 εἰχον
679 1821 748 1893 ἐν
806 1821 1115 1920 φυλακῇ,
1184 1820 1305 1893 οὐκ
1362 1819 1471 1893 οἶά
1519 1847 1592 1894 τε
1643 1824 1726 1920 ἧν
1780 1821 2200 1894 κατιδέσθαι·
2277 1822 2313 1892 ὁ
2350 1819 2426 1892 δὲ

147 1937 294 2017 τοὺς
331 1936 469 2016 ἔξω
520 1938 890 2032 ἐμάνθανε,
944 1945 1114 2014 τοῖσι
1149 1945 1281 2038 πρὸ
1328 1946 1446 2012 τοῦ
1502 1944 1761 2039 τείχεος
1811 1939 1896 2013 τὰ
1945 1940 2121 2013 ὅπλα
2175 1938 2388 2014 ἔκειτο
2409 1965 2423 1978 ·
2489 1959 2499 1967 ·

148 2054 380 2153 ἔτυχον
428 2056 506 2129 δὲ
554 2063 785 2131 τοῦτον
843 2063 954 2130 τὸν
1010 2063 1251 2158 χρόνον
1292 2057 1803 2151 Λακεδαιμόνιοι
1837 2058 1969 2139 ἔξω
2010 2058 2421 2155 τεταγμένοι.

77 2189 117 2237 15
150 2175 297 2255 τοὺς
334 2174 461 2269 μὲν
514 2180 602 2274 δὴ
649 2179 797 2276 ὥρα
844 2178 1396 2274 γυμναζομένους
1446 2185 1580 2249 τῶν
1635 2176 1933 2276 ἀνδρῶν,
1986 2179 2141 2256 τοὺς
2188 2177 2264 2250 δὲ
2309 2176 2429 2258 τὰς

153 2297 354 2386 κόμας
393 2298 911 2390 κτενιζομένους.
1007 2304 1213 2370 ταῦτα
1266 2299 1353 2396 δη
1389 2298 1738 2391 θεώμενος
1786 2297 2145 2391 ἑθώυμαζε
2195 2300 2301 2370 καὶ
2351 2300 2427 2368 τὸ

152 2412 413 2512 πλῆθος
478 2415 843 2507 ἐμάνθανε.
967 2416 1204 2511 μαθὼν
1276 2416 1351 2489 δὲ
1417 2416 1635 2490 πάντα
1690 2414 2020 2513 ἀτρεκέως
2079 2413 2429 2514 ἀπήλαυνε

153 2531 363 2606 ὀπίσω
414 2527 563 2606 κατ’
608 2537 937 2634 ἡσυχίην·
1010 2535 1167 2609 οὔτε
1222 2537 1350 2635 γάρ
1403 2563 1501 2617 τις
1550 2534 1785 2608 ε’ὃίωκε
1832 2530 2116 2631 ἀλογίης
2159 2560 2231 2609 τε
2282 2535 2428 2608 ἐνε-

155 2653 396 2749 κύρησε
461 2655 762 2756 πολλῆς’
852 2654 1167 2728 ἀπελθών
1225 2682 1297 2727 τε
1363 2656 1558 2752 ἔλεγε
1615 2657 1785 2752 πρὸς
1852 2651 2111 2751 Ξέρξην
2172 2654 2255 2727 τά
2303 2680 2429 2752 περ

75 2782 124 2831 ²⁰
157 2771 417 2845 ὀπώπεε
455 2776 694 2847 πάντα.
790 2772 1053 2847 ἀκούων
1100 2774 1173 2847 δὲ
1212 2774 1470 2873 Ξέρξης
1507 2774 1628 2845 οὐκ
1663 2771 1806 2869 εἶχε
1844 2772 2318 2872 συμβαλέσθαι
2353 2778 2568 2846 τδ209

156 2890 279 2978 ἐόν,
318 2892 423 2964 ότι
458 2893 1079 2991 παρασκευάζοιντο
1131 2897 1226 2975 ὡς
1280 2891 1729 2986 ἀπολεόμενοί
1765 2916 1835 2962 τε
1872 2893 1981 2962 καὶ
2021 2887 2432 2971 ἀπολέοντες

159 3008 315 3081 κατὰ
349 3013 633 3104 δύναμιν
655 3036 669 3049 ·
746 3007 897 3083 ἀλλ’
943 3011 1130 3108 αὐτῷ
1171 3013 1402 3110 γελοῖα
1439 3010 1565 3110 γὰρ
1602 3010 1956 3106 ἐφαίνοντο
1993 3009 2264 3098 ποιέειν,
2306 3036 2429 3103 με-

159 3131 540 3228 τεπέμψατο
578 3128 993 3230 Δημάρητον
1053 3135 1164 3203 τὸν
1192 3126 1606 3231 Ἀρίστωνος
1661 3130 1857 3201 ἐόντα
1905 3129 1973 3202 ἐν
2009 3132 2108 3224 τῷ
2150 3153 2428 3226 στρατο-·

466 3373 658 3445 Ξέρξου
691 3376 1004 3447 κατάπληξις
1040 3379 1126 3432 ἐπὶ
1150 3378 1217 3449 τῇ
1243 3376 1660 3445 Λακεδαιμονίων
1698 3375 1988 3446 ὀλιγανδρίᾳ
2027 3376 2114 3427 καὶ
2138 3375 2434 3447 παρασκευῇ

358 3445 448 3499 καὶ
475 3448 601 3515 πρὸς
624 3443 933 3516 Δημάρατον
960 3446 1193 3517 διάλογος
1239 3510 1261 3533 ·

194 3604 347 3612 ...κ-.-

359 3706 409 3756 6.
453 3703 676 3774 ἀκηκόεε
703 3735 729 3745 -
758 3706 784 3753 7
814 3703 1020 3773 στρατιή
1046 3702 1240 3759 Suidas
1268 3721 1313 3755 v,
1347 3701 1630 3770 ἁλισμένοι.
1661 3730 1726 3740 -
1757 3702 1973 3752 16-21,
2006 3700 2154 3753 idem
2178 3716 2228 3752 v.
2257 3696 2441 3769 ἀλογία

264 3859 306 3908 l.
349 3857 824 3931 περισπερχθέντων
853 3857 1206 3919 Valckenaer,
1251 3856 1628 3928 περισπερχέων
1655 3854 1840 3908 ἐόντων
1865 3852 2121 3908 Schaefer
2176 3855 2200 3918 Ι
2256 3801 2439 3921 *tabe-m

168 3946 501 4033 τῆιαγνώμηι
528 3961 582 4014 Ρ
644 3962 667 4026 1]
739 3962 786 4013 2.
831 3959 1152 4081 ἐπιῖἩθέειν
1180 3979 1294 4031 σφιν
1322 3960 1377 4012 R
1435 3961 1459 4023 11
1520 3960 1566 4009 3.
1610 3956 1854 4009 αὐτέωνκ
1905 3958 1928 4020 11
1984 3956 2070 4008 τὸν
2095 3954 2221 4006 ΑΒ.
2287 3953 2436 4041 pek-

172 4024 349 4081 kerus:
386 4038 491 4082 τῶν
540 4032 563 4095 11
622 4031 670 4080 6.
714 4029 888 4083 ὁκόσοι
1032 4049 1044 4082 =
1084 4028 1193 4081 ὅσοι
1222 4027 1440 4088 ΑΒΟᾱ,
1475 4026 1648 4080 ὁκόσοι
1671 4043 1726 4077 τε
1750 4041 1809 4093 qz
1870 4026 1893 4090 11
1951 4022 2165 4077 δτιΑΒ
2221 4024 2244 4087 ΙΙ
2303 4021 2438 4093 ἀκη-

170 4094 271 4147 κόεε
293 4115 349 4148 ze
386 4097 615 4169 ὴκηκόεε
640 4097 872 4161 codicem,
902 4099 1102 4168 ἡκήκοε
1130 4117 1171 4150 ⁸.
1214 4097 1408 4166 ἀκήκοε
1435 4095 1588 4150 Suid.
1652 4096 1674 4159 11
1733 4094 1831 4147 ἐὼν
1858 4092 1931 4145 ἔτι
1956 4093 2013 4145 R
2067 4095 2090 4157 11
2139 4093 2186 4161 7.
2229 4089 2438 4145 ἁλισκο-

175 4164 291 4233 μένη
321 4166 368 4218 G
446 4169 469 4232 11
552 4185 721 4237 οτρατι
787 4167 842 4220 R
926 4170 950 4233 11
1031 4168 1079 4217 9.
1122 4165 1442 4236 ἠρακληῖδης
1466 4181 1491 4215 2
1561 4165 1584 4227 11
1665 4159 1944 4231 προσέλασε
1970 4179 1996 4212 z
2066 4164 2089 4225 ΙΙ
2159 4158 2291 4217 ἐςτὸ
2316 4176 2376 4228 qz
2420 4158 2442 4227 11

180 4232 247 4284 10.
286 4234 310 4288 ἐ
409 4240 722 4306 ἴτο-στρατ
754 4234 905 4288 πεδον
930 4253 1038 4288 om.
1070 4235 1125 4286 R
1172 4238 1194 4299 11
1239 4236 1266 4289 ἐ
1341 4232 1498 4304 ητοᾱ
1555 4235 1578 4297 11
1639 4232 1714 4282 11.
1759 4230 1916 4283 ἔσωσε
1943 4230 2000 4283 R
2054 4230 2077 4293 fl
2136 4229 2216 4280 16.
2257 4230 2439 4296 κώμας

178 4298 224 4351 R
263 4305 287 4367 11
330 4303 356 4356 ἑ
392 4303 591 4372 αύμαζε
615 4308 774 4374 Αρκ,
805 4302 1039 4374 ἐθώμαζε
1070 4305 1196 4358 ΟΒι
1229 4305 1253 4367 fl
1300 4305 1316 4354 1
1368 4344 1377 4354 .
1419 4301 1597 4365 πάντα]
1625 4303 1782 4352 ταῦτα
1805 4297 1918 4352 sz
1953 4300 1975 4363 fl
2017 4299 2095 4349 18.
2136 4296 2439 4365 ὲνεκήρυσσε

175 4403 218 4454 d.
412 4425 467 4459 σε
493 4405 837 4461 Valckenaer
883 4409 907 4472 11
956 4409 1035 4459 19.
1066 4390 1155 4458 τδὲ
1178 4405 1247 4470 P,
1277 4405 1335 4459 δὲ
1364 4404 1465 4458 Cdz
1510 4405 1536 4469 Ι
1576 4402 1748 4472 &pesa
1767 4401 1900 4454 PRz
1947 4403 1969 4465 11
2011 4401 2093 4451 21.
2124 4417 2196 4452 πα
2228 4399 2440 4453 mmd-

179 4471 308 4532 ζῠντο
430 4480 453 4543 11
500 4474 839 4547 ἀπολεόμενοι
862 4475 979 4531 sine
1003 4495 1059 4528 τε
1083 4493 1145 4545 qz
1191 4478 1214 4540 11
1254 4476 1337 4527 22.
1380 4473 1529 4531 αὐτὸς
1555 4470 1732 4543 γελοῖα
1755 4470 1849 4542 γάρ
1875 4469 1924 4522 01
1946 4469 1985 4521 d
2019 4471 2044 4535 Ι
2090 4466 2188 4541 ἐφα
2207 4484 2321 4523 veto
2345 4485 2373 4525 z
