3059 5125
1113 316 1491 379 —1—
2310 319 2438 382 425

141 488 287 584 τὴν
333 480 582 585 Ἀσίην
629 489 852 560 πᾶσαν
906 490 1247 584 νομίζουσι
1303 488 1575 564 ἑωυτῶν
1627 488 1794 565 εἶναι
1858 489 2112 590 Πέρσαι
2164 492 2274 563 καὶ
2319 497 2437 564 τοῦ

143 606 295 678 αἰεὶ
330 606 821 708 βασιλεύοντος.
897 607 1045 682 ἐπεὶ
1081 607 1158 682 δέ
1193 609 1403 710 ἐδόθη
1441 608 1526 684 τὰ
1559 615 1918 711 χρήματα,
1973 610 2043 692 ἐξ
2070 598 2436 684 Ἐλαιοῦν-

144 751 274 807 τος
312 724 384 806 ἐς
409 724 672 824 Σηστὸν
711 724 1079 827 ἐξεφόρησε
1114 732 1224 802 καὶ
1255 730 1332 801 τὸ
1368 730 1648 825 τέμενος
1683 728 1954 830 ἔσπειρε
1990 733 2100 804 καὶ
2135 729 2438 826 ἐνέμετο,

144 844 368 926 αὐτός
417 870 494 918 τε
538 846 713 928 ὅκως
764 843 1069 920 ἀπίκοιτο
1126 848 1197 931 ἐς
1219 837 1630 923 Ἐλαιοῦντα
1679 850 1748 924 ἐν
1789 853 1889 947 τῷ
1928 847 2154 947 ἀδύτῳ
2188 850 2445 948 γυναιξὶ

76 982 107 1030 5
147 964 504 1063 ἐμίσγετο.
592 968 742 1037 τότε
798 965 873 1038 δὲ
922 966 1389 1069 ἐπολιορκέετο
1440 968 1571 1043 ὑπὸ
1604 963 2002 1069 Ἀθηναίων
2040 968 2195 1042 οὔτε
2228 994 2442 1069 παρε-

149 1085 620 1180 σκευασμένος
671 1085 743 1167 ἐς
792 1086 1192 1188 πολιορκίην
1233 1088 1388 1163 οὔτε
1420 1091 1959 1189 προσδεκόμενος
1988 1090 2143 1170 τοὺς
2166 1076 2443 1187 οἘλλη-

147 1232 304 1295 νας,
345 1201 659 1302 ἀφύκτως
694 1205 770 1278 δέ
807 1233 943 1290 κως
977 1207 1166 1305 αὐτῷ
1213 1207 1565 1283 ἐπέπεσον.
1656 1209 1803 1282 ἐπεὶ
1844 1206 1918 1282 δὲ
1950 1208 2577 1307 πολιορκεομέ-ῙῙῚ

152 1330 341 1399 νοισί
379 1350 498 1423 σφι
536 1323 967 1426 φθινόπωρον
1025 1327 1394 1426 ἐπεγίνετο,
1450 1331 1563 1402 καὶ
1597 1328 1948 1428 ἤσχαλλον
1986 1329 2050 1400 οἱ
2081 1314 2469 1425 Ἀθηναῖοι·

152 1443 300 1517 ἀπό
355 1471 430 1520 τε
476 1452 599 1545 τῆς
652 1444 924 1519 ἑωυτῶν
978 1444 1488 1546 ἀποδημέοντες
1531 1451 1644 1521 καὶ
1698 1448 1777 1520 οὐ
1816 1447 2166 1543 δυνάμενοι
2202 1447 2445 1528 ἐξελεῖν

66 1576 118 1626 ¹0
155 1569 238 1638 τὸ
276 1566 540 1662 τεῖχος,
594 1565 864 1639 ἐδέοντό
914 1592 989 1640 τε
1042 1574 1177 1639 τῶν
1231 1576 1627 1669 στρατηγῶν
1665 1567 1841 1649 ὅκως
1876 1566 2198 1665 ἀπάγοιέν
2236 1592 2449 1664 σφεας

157 1684 422 1774 ὀπίσω,
470 1685 533 1756 οἰ
586 1682 659 1755 δὲ
711 1684 831 1758 οὐκ
876 1684 1136 1784 ἔφασαν
1186 1691 1339 1786 πρὶν
1392 1688 1438 1787 ἢ
1493 1687 1776 1771 ἐξέλωσι
1829 1687 1875 1786 ἢ
1930 1689 2007 1759 τὸ
2043 1680 2445 1789 Ἀθηναίων

159 1807 390 1877 κοινόν
455 1830 668 1901 σφεας
736 1808 1297 1906 μεταπέμψηται·
1388 1807 1569 1880 οὕτω
1641 1807 1726 1905 δὴ
1782 1806 2094 1906 ἔστεργον
2164 1806 2248 1879 τὰ
2313 1830 2447 1878 πα·-

161 1927 430 2023 ρεόντα.
544 1925 608 1997 οἱ
663 1923 739 1998 δέ
790 1924 859 1997 ἐν
911 1927 1015 2022 τῷ
1070 1930 1279 2024 τείχεϊ
1328 1926 1400 2008 ἐς
1450 1930 1583 1999 πᾶν
1633 1926 1773 2026 ἤδη
1830 1931 2038 1999 κακοῦ
2087 1923 2584 2022 ἀπιγμένοι118

158 2046 383 2142 ἦσαν,
438 2041 614 2115 οὕτω
672 2045 848 2116 ὥστε
898 2046 1058 2126 τοὺς
1104 2048 1336 2129 τόνους
1387 2046 1662 2144 ἕψοντες
1706 2052 1840 2118 τῶν
1898 2045 2175 2118 κλινέων
2228 2043 2447 2118 ἐσιτέ-

67 2176 125 2225 ¹5
161 2188 349 2236 οντο.
425 2162 642 2235 ἐπείτε
700 2162 776 2235 δὲ
829 2161 1006 2282 οὐδὲν.
1037 2171 1247 2240 ταῦτα
1295 2165 1394 2238 ἔτι
1425 2166 1646 2263 εἶχον,
1704 2163 1882 2238 οὕτω
1939 2165 2026 2264 δὴ
2081 2165 2209 2238 ὑπὸ
2244 2165 2451 2236 νύκτα

164 2283 475 2381 οἴχονται
528 2279 946 2381 ἀποδράντες
1000 2282 1073 2358 οἵ
1111 2312 1183 2358 τε
1235 2285 1496 2386 Πέρσαι
1550 2287 1660 2358 καὶ
1708 2286 1746 2358 ὁ
1786 2275 2213 2385 Ἀρταΰκτης
2266 2284 2376 2357 καὶ
2414 2282 2451 2354 ὁ

165 2400 531 2504 Οἰόβαζος,
579 2401 822 2477 ὄπισθε
857 2409 978 2478 τοῦ
1016 2409 1278 2504 τείχεος
1313 2406 1744 2508 καταβάντες,
1781 2407 1870 2504 τῇ
1907 2406 1994 2504 ἧν
2034 2404 2453 2504 ἐρημότατον

165 2529 305 2595 τῶν
345 2520 719 2617 πολεμίων.
807 2525 901 2606 ὡς
953 2523 1029 2599 δὲ
1064 2526 1290 2627 ἡμέρη
1333 2526 1632 2625 ἐγένετο,
1686 2527 1748 2599 οἱ
1784 2522 2284 2625 Χερσονησῖται
2320 2519 2452 2596 ἀπὸ

167 2650 306 2715 τῶν
346 2643 621 2741 πύργων
673 2642 1030 2743 ἐσήμηναν
1081 2648 1254 2719 τοῖσι
1281 2640 1722 2745 Ἀθηναίοισι
1773 2649 1849 2719 τὸ
1884 2647 2158 2744 γεγονὸς
2194 2640 2457 2723 καὶτὰς

74 2772 136 2823 2⁰
168 2761 398 2843 πύλας
433 2760 721 2842 ἄνοιξαν.
811 2771 945 2835 τῶν
990 2765 1065 2838 δέ
1116 2766 1179 2837 οἱ
1229 2764 1346 2861 μὲν
1382 2765 1670 2847 πλεῦνες
1716 2765 2030 2853 ἐδίωκον,
2089 2764 2152 2836 οἱ
2199 2763 2275 2836 δὲ
2331 2765 2456 2861 τὴν

170 2881 376 2954 πόλιν
414 2881 617 2979 εἶχον.
710 2881 1041 2985 Οἰόβαζον
1098 2884 1219 2981 μέν
1272 2911 1386 2957 νυν
1442 2885 1847 2984 ἐκφεύγοντα
1880 2884 1953 2967 ἐς
1988 2886 2112 2983 τὴν
2154 2880 2589 2982 θρηίκην119

174 3000 468 3101 θρήικες
504 2994 848 3099 Ἀψίνθιοι
918 2984 1241 3107 λαβόντες
1306 3004 1557 3078 ἔθυσαν
1624 3004 2035 3103 Πλειστώρῳ
2108 3002 2457 3100 ἐπιχωρίῳ

173 3122 319 3218 θεῷ
370 3124 599 3219 τρόπῳ
633 3123 737 3218 τῷ
780 3122 1119 3221 σφετέρῳ,
1173 3126 1332 3206 τοὺς
1379 3123 1455 3197 δὲ
1506 3118 1652 3219 μετ’
1711 3123 1964 3196 ἐκείνου
2000 3121 2191 3218 ἄλλῳ
2226 3122 2456 3219 τρόπῳ

176 3240 570 3337 ἐφόνευσαν.
662 3243 726 3313 οἱ
777 3240 852 3313 δὲ
903 3239 1078 3340 ἀμφὶ
1125 3245 1238 3314 τὸν
1267 3233 1697 3343 Ἀρταΰκτην
1744 3242 2007 3342 ὕστεροι
2042 3240 2459 3341 ὁρμηθέντες

492 3442 660 3509 δίωξις
707 3442 917 3514 Περσῶν
964 3453 1066 3499 τῶν
1103 3445 1455 3500 ἀπολιπόντων
1496 3444 1693 3518 Σηστὸν
1742 3446 1831 3500 καὶ
1872 3439 2188 3518 Ἀρταΰκτου
2235 3444 2324 3498 καὶ
2368 3447 2460 3497 τοῦ

393 3512 567 3572 παιδὸς
596 3512 845 3584 ἀναίρεσις

397 3669 479 3721 18.
519 3666 890 3741 Χερσονησῖται
913 3700 941 3711 -
971 3672 1034 3722 19
1058 3671 1262 3743 γεγονός
1292 3669 1623 3741 (Stephanus
1650 3671 1777 3740 Byz.
1807 3687 1856 3724 v.
1886 3667 2224 3741 Χερρόνησος)

290 3809 335 3859 1.
381 3804 581 3860 ἅπασαν
608 3808 666 3861 R
733 3809 756 3873 11
828 3808 1008 3878 πέρσαι
1032 3806 1159 3862 εἶναι
1182 3808 1254 3861 Pz
1321 3811 1343 3875 11
1414 3811 1463 3861 2.
1505 3807 1770 3867 ἐλεοῦντος
1792 3808 1993 3862 ABR:
2049 3809 2072 3871 11
2132 3808 2183 3858 4.
2224 3804 2465 3858 ἐλεοῦντα

188 3876 380 3997 AB?
453 3878 476 3941 11
547 3879 594 3928 7.
634 3875 1203 3949 ἀφυλάκτωτεκωςΙί
1269 3880 1293 3943 11
1363 3879 1413 3929 8.
1467 3877 1731 3949 ἐπεγένετο
1757 3876 1926 3931 1>sz
1980 3878 2004 3941 11
2059 3874 2149 3928 καὶ
2173 3891 2280 3928 om.
2313 3875 2401 3928 Rb
2446 3873 2469 3942 11

188 3994 417 4069 ἣσχαλον
442 4001 511 4054 Α.
539 3995 769 4070 ἤσχαλον
798 3998 926 4052 ORz
960 4000 984 4064 11
1030 4000 1110 4051 10.
1139 3997 1442 4071 ἀπαγάγοιεν
1468 3996 1552 4049 Ra
1597 4000 1621 4063 11
1669 3996 1825 4069 σφέας
1848 3994 1899 4048 L
1945 3998 1967 4060 11
2019 3996 2098 4048 11.
2130 3996 2281 4066 πρινὴ
2306 3997 2415 4049 ΑΒ
2448 3994 2470 4063 11

198 4068 270 4119 12.
309 4068 482 4122 κοινὸν
509 4066 666 4137 σφέας
689 4085 717 4119 z
771 4068 794 4132 11
855 4069 932 4118 13.
978 4064 1029 4119 δ’
1051 4066 1193 4119 ARz
1252 4071 1275 4134 11
1331 4066 1489 4139 τείχει
1510 4066 1677 4120 ABR
1733 4068 1757 4130 11
1817 4064 1887 4131 ἐς]
1917 4063 2049 4134 ἀμφὶ
2071 4065 2157 4118 τὸν
2182 4058 2469 4133 ἀρταΰκτεα

190 4133 242 4194 ἐς
267 4137 347 4190 Ra
395 4139 419 4203 11
465 4134 588 4205 ἤδη]
616 4134 680 4204 δὴ
711 4136 765 4188 R
811 4137 833 4200 11
887 4135 966 4189 111.
1008 4135 1127 4189 ἔσαν
1151 4153 1179 4187 z
1224 4139 1247 4203 11
1294 4134 1458 4195 οὕτως
1480 4137 1655 4191 ABR
1711 4137 1735 4200 11
1797 4132 2003 4201 ἕψοντες
2030 4132 2101 4199 R,
2131 4131 2404 4200 ἑψῶντεςδ
2448 4133 2470 4202 11

198 4205 273 4258 15.
336 4207 459 4279 ἔχον
496 4221 558 4255 z.
593 4206 614 4268 11
684 4203 712 4255 δ
800 4222 906 4258 om.
963 4205 1019 4257 R
1081 4208 1103 4271 11
1173 4206 1253 4259 16.
1319 4204 1524 4277 οἴχοντο
1571 4204 1644 4257 R.
1698 4204 1953 4272 Krueger
2021 4205 2044 4269 11
2124 4200 2467 4271 καὶοίόβαζος

193 4277 383 4331 ABPb
426 4277 448 4340 11
496 4277 574 4326 Ῑῖ.
602 4271 719 4325 ὄπισ
756 4291 809 4325 εν
837 4273 893 4325 R
934 4275 957 4339 11
991 4279 1083 4327 τοῦ
1106 4274 1171 4344 ἦν
1194 4274 1508 4345 ἐρημότατος
1535 4275 1592 4327 R
1638 4276 1661 4339 11
1711 4274 1793 4325 18.
1821 4280 1924 4325 τῶν
1950 4288 2057 4325 om.
2072 4288 2113 4343 ,z
2147 4273 2170 4337 11
2214 4287 2308 4343 χερ
2342 4290 2467 4341 ονη-

195 4340 317 4397 σίται
340 4341 534 4414 Steph.
563 4341 721 4395 codd.
795 4345 818 4408 11
882 4342 960 4394 19.
1003 4343 1327 4414 ἐσημήναντο
1352 4342 1423 4394 R.
1468 4342 1653 4421 Stqph.
1716 4344 1740 4407 11
1797 4343 1882 4394 20.
1923 4339 2134 4400 πλεῦνες
2159 4357 2265 4394 om.
2298 4288 2401 4395 Pb

197 4412 275 4465 2¹.
316 4414 437 4486 ἔχον
453 4429 490 4494 f.
558 4412 582 4476 11
650 4410 1013 4547 ἐκφυγόνταῌ
1082 4415 1105 4476 11
1173 4410 1375 4485 θρήκην
1401 4411 1458 4464 R
1514 4414 1538 4477 11
1599 4413 1683 4463 22.
1725 4410 1937 4482 θρῆικες
1962 4409 2090 4475 ΑΒ,
2116 4408 2308 4482 θρῆκες
2335 4409 2393 4462 R
2488 4420 2499 4431 '

198 4480 275 4534 24.
316 4482 600 4555 ἀρταυντην
631 4478 679 4533 0
823 4497 995 4554 στερον
1028 4482 1127 4537 GR
