3059 5125
699 294 1093 359 -Λ-
1918 295 2042 359 383

0 468 117 549 ἴλος
182 466 438 568 πλήθεϊ
507 466 928 569 ἀποκρατέει.
1082 468 1155 550 ἐς
1225 469 1351 569 γὰρ
1424 469 1510 567 δὴ
1583 474 1815 540 τοῦτον
1888 469 2042 542 οὔτε

2 591 70 669 δς
116 588 267 661 οὔτε
321 593 536 689 κρήνη
592 589 875 686 οὐδεμία
925 588 1282 664 ἐσδιδοῦσα
1339 589 1411 670 ἐς
1454 587 1727 689 πλῆθός
1772 591 1834 661 οἱ
1870 617 2039 684 συμ-

0 733 111 780 ται.
184 709 329 790 ἴσος
364 707 438 781 δὲ
474 711 602 783 αἰεὶ
642 712 777 809 ῥέει
813 710 882 782 ἔν
920 736 994 783 τε
1027 709 1217 809 θέρεϊ
1250 710 1358 781 καὶ
1392 717 1680 806 χειμῶνι
1716 709 1753 780 δ
1775 703 2043 808 Ἴστρος

0 827 218 900 neb-282
253 853 335 910 τι,
377 831 475 910 ὡς
510 830 660 925 ἐμοὶ
698 830 934 904 δοκέει.
1009 834 1129 902 τοῦ
1171 827 1293 925 μὲν
1333 834 1669 926 χειμῶνος
1704 827 1844 902 ἐστὶ
1881 829 2042 908 ὅσος

0 952 89 1031 πί,
143 946 354 1045 ὀλίγῳ
403 973 474 1020 τε
512 950 735 1042 μέζων
786 959 916 1053 τῆς
952 949 1206 1022 ἑωυτοῦ
1243 950 1483 1047 φύσιος
1518 953 1800 1045 γίνεται·
1859 947 2039 1020 ὕεται

17 1074 101 1167 γῆ
134 1066 302 1167 αὕτη
337 1072 458 1139 τοῦ
491 1077 827 1166 χειμῶνος
856 1069 1136 1163 πάμπαν
1169 1067 1397 1164 ὀλίγῳ,
1434 1070 1690 1165 νιφετῷ
1717 1066 1792 1140 δὲ
1823 1068 2039 1140 πάντα

0 1214 31 1258 ι.
113 1192 233 1259 τοῦ
283 1185 360 1262 δὲ
411 1187 650 1287 θέρεος
702 1190 750 1287 ἡ
797 1192 966 1287 χιὼν
1018 1189 1066 1286 ἡ
1122 1187 1192 1260 ἐν
1242 1189 1344 1285 τῷ
1388 1195 1675 1285 χειμῶνι
1710 1194 2034 1270 πεσοῦσα,

11 1303 433 1406 ἀμφιλαφής,
468 1306 817 1406 τηκομένη
849 1307 1189 1381 πάντοθεν
1224 1307 1485 1382 ἐσδιδοῖ
1515 1308 1586 1389 ἐς
1618 1310 1730 1379 τὸν
1749 1294 2034 1407 Ἴστρον.

4 1452 73 1499 τε
132 1427 218 1526 δὴ
283 1428 332 1526 ἡ
395 1430 562 1525 χιὼν
629 1425 985 1500 ἐσδιδοῦσα
1047 1427 1119 1508 ές
1179 1426 1380 1499 αὐτὸν
1435 1426 1866 1525 συμπληθύει
1930 1432 2038 1500 καὶ

0 1575 8 1617 ·.
39 1545 286 1620 πολλοί
319 1571 393 1618 τε
432 1549 541 1619 καὶ
577 1544 815 1647 λάβροι
852 1546 972 1619 σὺν
1013 1544 1223 1646 αὐτῇ·
1276 1543 1373 1619 ὕει
1411 1545 1538 1646 γὰρ
1575 1547 1662 1646 δὴ
1698 1549 1775 1618 τὸ
1811 1546 2035 1647 θέρος.

0 1665 40 1737 ,ὲ
82 1665 292 1738 πλέον
355 1660 466 1739 ἐπ’
527 1664 775 1738 ἑωυτὸν
828 1664 1010 1764 ὕδωρ
1072 1665 1109 1735 δ
1164 1666 1360 1765 ἥλιος
1414 1664 1761 1739 ἐπέλκεται
1816 1665 1886 1738 ἐν
1939 1670 2040 1764 τῷ

0 1785 30 1883 ἢ
68 1784 136 1857 έν
171 1786 271 1884 τῷ
307 1790 612 1883 χειμῶνι,
654 1787 955 1882 τοσούτῳ
990 1784 1074 1858 τὰ
1109 1788 1620 1883 συμμισγόμενα
1661 1789 1760 1883 τῷ
1789 1780 2038 1885 Ἴστρῳ

0 1902 245 2003 πλήσιά
296 1904 436 1977 ἐστι
484 1910 601 1976 τοῦ
647 1905 885 2004 θέρεος
928 1907 976 2004 ἧ
1027 1931 1154 2005 περ
1209 1911 1328 1977 τοῦ
1365 1912 1731 2004 χειμῶνος·
1791 1903 2036 1978 α’ντιτι-

0 2051 18 2095 ι
67 2022 141 2096 δὲ
185 2029 399 2097 ταῦτα
449 2022 898 2124 ἀντισήκωσις
952 2030 1232 2123 γίνεται,
1305 2027 1480 2099 ὥστε
1544 2028 1687 2098 ἴσον
1746 2052 1853 2120 μιν
1908 2027 2037 2098 αιέὶ

0 2142 116 2215 θαι
152 2143 369 2217 ἐόντα.

0 2263 44 2343 ἴς
78 2261 196 2357 μὲν
233 2263 322 2362 δὴ
359 2269 492 2334 τῶν
541 2272 868 2360 ποταμῶν
918 2268 1087 2337 τοῖσι
1125 2248 1432 2365 Σκύθησι
1485 2264 1625 2338 ἐστὶ
1675 2265 1712 2335 δ
1751 2252 2032 2366 Ἴστρος.
2064 2276 2138 2335 51

0 2380 59 2454 δὲ
102 2388 340 2454 τοῦτον
375 2380 619 2482 Τύρης,
682 2386 757 2466 δς
805 2381 942 2456 ἀπὸ
991 2384 1213 2486 βορέω
1265 2385 1386 2479 μὲν
1428 2383 1679 2480 ἀνέμου
1726 2386 2030 2483 ὁρμᾶται,

0 2529 39 2574 ιι
74 2500 149 2575 δὲ
188 2501 361 2603 ῥέων
398 2503 473 2576 ἐκ
509 2505 757 2605 λίμνης
795 2503 1098 2604 μεγάλης
1131 2505 1180 2606 ἢ
1219 2504 1467 2604 οὐρίζει
1514 2509 1641 2606 τήν
1678 2530 1751 2578 τε
1789 2505 2026 2579 Σκυθι,

0 2625 29 2694 ’,ὶ
64 2620 358 2723 Νευρίδα
395 2632 545 2723 γῆν.
639 2624 749 2697 ἐπὶ
787 2625 861 2697 δὲ
903 2625 1004 2722 τῷ
1045 2628 1322 2719 στόματι
1360 2626 1566 2698 αὐτοῦ
1605 2631 2035 2729 κατοίκηνται

0 2768 87 2823 οες
134 2743 200 2816 οἳ
235 2740 506 2842 Τυρῖται
552 2743 923 2815 καλέονται.
1014 2749 1232 2843 τρίτος
1279 2745 1353 2817 δὲ
1391 2741 1680 2827 ’Ὕπανις
1727 2751 2033 2842 ποταμὸς
2061 2760 2144 2819 52

0 2887 49 2933 ιι
99 2860 223 2956 μὲν
280 2862 355 2934 ἐκ
402 2871 527 2962 τῆς
575 2861 932 2962 Σκυθικῆς,
987 2864 1121 2962 ῥέει
1177 2863 1253 2937 δὲ
1306 2865 1382 2937 έκ
1430 2865 1677 2964 λίμνης
1727 2868 2035 2966 μεγάλης

0 2982 110 3081 ἐριξ
142 2982 456 3077 νέμονται
494 2981 682 3055 ἵπποι
719 2981 937 3081 ἄγριοι
975 2983 1229 3055 λευκοί·
1283 2985 1591 3057 καλέεται
1631 2985 1705 3057 δὲ
1741 2989 1789 3086 ἡ
1827 2986 2028 3085 λίμνη

0 3101 209 3200 ὀρθῶς
269 3105 499 3201 μήτηρ
541 3090 892 3184 “Υπάνιος.
984 3102 1060 3175 ἐκ
1105 3105 1360 3203 ταύτης
1413 3104 1508 3174 ὦν
1559 3104 1943 3178 ἀνατέλλων
1996 3108 2033 3176 ὁ

0 3249 39 3303 ,ς
78 3226 387 3318 ποταμὸς
423 3221 557 3321 ῥέει
595 3221 704 3295 ἐπὶ
743 3220 863 3317 μὲν
897 3223 1095 3295 πέντε
1146 3225 1457 3324 ἡμερέων
1512 3225 1725 3298 πλόον
1778 3225 2035 3327 βραχὺς

0 3343 162 3422 ,υκύς
210 3341 387 3425 ἐστι,
450 3339 583 3414 ἀπὸ
636 3340 712 3414 δὲ
764 3345 1002 3415 τούτου
1051 3347 1221 3444 πρὸς
1279 3344 1641 3443 θαλάσσης
1696 3345 2032 3445 τεσσέρων

4 3711 14 3721 .
70 3666 395 3720 Euanthius
438 3664 605 3720 Dion.
647 3667 767 3720 226.
845 3695 904 3707 —
1005 3668 1071 3719 20
1105 3685 1218 3739 sqq.
1286 3668 1637 3739 (Pomponius
1675 3668 1822 3723 Mela
1858 3667 1912 3723 11
1954 3672 2025 3728 7).

0 3736 177 3789 athius
203 3735 370 3790 Dion.
407 3737 556 3788 1143.
600 3765 661 3775 —
701 3738 784 3790 24,
815 3766 845 3778 -
869 3754 924 3807 p.
953 3740 1071 3801 384,
1103 3739 1133 3790 2
1158 3737 1478 3793 Athenaeus
1501 3756 1557 3810 p.
1584 3743 1653 3790 43

0 3907 137 3978 λήθει
164 3911 278 3964 ΑΒ
331 3912 355 3974 11
412 3908 696 3981 ἐπικρατέει
723 3908 853 3963 PRz
910 3913 934 3975 11
995 3912 1045 3963 2.
1085 3910 1202 3964 οὐδε
1248 3910 1299 3982 ίη
1333 3931 1359 3965 z
1401 3915 1427 3978 11
1475 3911 1745 3966 ἐκδιδοῦσα
1770 3913 1865 3967 A‘2.
1897 3911 2027 3966 Bre-

7 3981 30 4043 fl
85 3976 431 4049 συμβάλλεταί
456 3978 505 4030 οἱ
530 3980 582 4043 d,
612 3978 659 4031 οἱ
686 3979 1030 4048 συμβάλλεταί
1054 3979 1102 4032 οἱ
1128 4000 1171 4044 z,
1231 4000 1255 4039 ς
1281 3981 1625 4051 συμβάλλεται
1660 3983 1709 4035 R
1772 3987 1794 4048 11
1860 3985 1908 4033 3.
1950 3982 2022 4046 δὲ]

0 4060 1 4108 1
59 4046 189 4118 ῥέειν
214 4051 293 4102 A¹
351 4051 374 4113 11
431 4046 571 4118 θέρει
595 4050 704 4102 ΑΒ
749 4052 772 4113 11
818 4048 1065 4101 zunul&
1119 4053 1144 4115 11
1202 4052 1250 4101 5.
1293 4051 1478 4119 μείζων
1505 4051 1561 4102 R
1605 4055 1627 4117 11
1687 4055 1736 4102 6.
1776 4051 1840 4102 τὰ
1866 4052 2029 4103 πάντα

0 4157 3 4166 ,
223 4135 242 4169 ι
269 4117 378 4171 PR
433 4119 457 4180 11
515 4121 565 4169 8.
606 4116 762 4169 ἐοῦσα
786 4134 893 4170 om.
922 4137 949 4170 ,τ
994 4123 1018 4183 11
1071 4117 1268 4171 ἐκδιδοῖ
1294 4119 1592 4172 Bredovius
1650 4123 1673 4186 11
1731 4122 1781 4171 9.
1822 4120 1888 4189 δὴ
1915 4138 2022 4172 om.

0 4135 76 4238 ιδχι
139 4204 231 4239 »σα
260 4187 318 4238 0.
348 4186 648 4239 Bredovius
717 4188 740 4250 11
820 4188 900 4238 m.
942 4187 1007 4257 δὴ
1033 4205 1142 4239 om.
1172 4189 1227 4241 P
1289 4191 1311 4253 11
1393 4191 1471 4240 13.
1513 4188 1875 4241 πολλαπλάσιά
1907 4189 2023 4253 PR,

0 4255 169 4324 ήσιάτ,
250 4260 273 4320 11
355 4253 660 4324 dmum
691 4256 729 4307 d
804 4259 830 4321 11
916 4259 994 4309 14.
1037 4257 1437 4326 ἀντισήκοσιςΒ
1518 4262 1541 4323 11
1628 4261 1707 4310 w.
1744 4263 1877 4310 τοῖσι
1915 4276 2022 4310 om.

21 4328 44 4389 Ι
109 4325 272 4378 bom.
303 4323 361 4375 R
427 4327 452 4388 11
528 4326 607 4376 17.
649 4323 830 4394 βορέου
855 4324 911 4376 R
978 4329 1000 4391 11
1078 4327 1154 4376 ts.
1197 4326 1408 4398 ἄρχεται
1433 4327 1516 4379 R:
1546 4328 1747 4398 ἔρχεται
1817 4330 1840 4391 11
1914 4327 2027 4399 ῥέον

8 4395 57 4480 ᾖ.
92 4393 522 4514 ἷταὶΙΗκαὶτὴνΒ
591 4396 614 4460 κ
684 4396 768 4444 21.
811 4394 904 4462 μὲν
931 4412 1039 4448 om.
1069 4400 1119 4448 A
1189 4398 1211 4460 fl
1282 4398 1364 4448 22.
1408 4391 1552 4449 δῬπ
1615 4401 1636 4461 11
1708 4396 1875 4464 hom.
1908 4398 1946 4449 d
2009 4412 2014 4446 ι

0 4480 67 4521 ιυς
149 4481 165 4514 ι
