3059 5125
1287 349 1576 406 Praefatio.
2449 369 2580 413 1111

289 523 818 623 πλουσιαδηνοῦ,
874 518 1038 624 παρ’
1085 523 1291 600 αὐτοῦ
1348 522 1765 625 ἀναχθέντος
1817 526 1910 607 εἰς
1962 523 2259 625 ἄρχοντα
2294 532 2428 595 τῶν
2466 524 2578 597 ἐκ·

293 651 594 750 κλησιῶν
646 652 718 726 ἐν
758 654 847 751 τῇ
885 656 1294 753 περιωνύμῳ
1331 663 1459 757 τῆς
1494 659 1755 756 κρήτης
1788 658 2000 755 νήσῳ.
2086 654 2385 754 περιέχει
2423 649 2499 725 δὲ
2530 653 2578 751 ἡ

297 779 539 883 βίβλος
590 780 760 880 αὕτη
816 779 1042 882 βιβλία
1092 781 1196 855 κδ’
1250 790 1384 854 τῶν
1437 789 1667 882 σοφῶν
1718 785 1973 855 τούτων
2024 780 2282 882 ἀνδρῶν
2307 806 2322 821 ·
2386 780 2582 855 ἐννέα

299 905 428 1005 μὲν
470 896 875 1008 “Ηροδ6του,
935 906 1338 983 Θουκυδίδου
1390 901 1453 981 δ’
1514 910 1689 984 ὀκτὼ
1738 914 1847 986 καὶ
1899 909 2336 1009 Ξενοφῶντος
2384 907 2578 983 ἑπτά.

295 1052 440 1127 ἔτει
475 1051 608 1126 ἀπὸ
643 1058 919 1151 χριστοῦ
965 1054 1171 1151 ‘unffi'
1218 1057 1619 1138 ἰνδικτιῶνος
1643 1038 1803 1154 ἷης.
1894 1057 1976 1130 in
2009 1057 2152 1129 hoc
2201 1056 2584 1132 excutien-

293 1185 397 1255 do
458 1184 945 1257 commodavit
1002 1185 1194 1259 mihi
1253 1210 1551 1280 operam
1621 1211 1828 1260 suam
1902 1210 2076 1259 sane
2148 1183 2582 1281 diligentem

289 1312 665 1408 Iosephus
699 1310 1042 1387 Mueller.

509 1443 578 1514 8.
618 1464 664 1536 q
729 1441 1105 1514 Parisinus
1141 1440 1636 1518 bibliothecae
1670 1442 2073 1539 imperialis
2118 1443 2339 1531 1635,
2375 1445 2584 1515 bom-

291 1571 634 1668 bycinus,
669 1566 904 1641 forma
936 1572 1223 1666 grandi.
1305 1574 1565 1647 insunt
1597 1582 1893 1669 praeter
1925 1572 2387 1646 Herodotum
2421 1572 2584 1644 Xe-

293 1700 705 1795 nophontis
742 1698 1197 1795 Cyropaedia
1244 1711 1320 1774 et
1363 1704 1757 1791 Anabasis,
1808 1704 1938 1776 sed
1985 1703 2169 1774 haec
2204 1701 2504 1796 quidem
2539 1726 2585 1771 a

291 1853 532 1902 manu
585 1829 997 1902 recentiori.
1113 1840 1282 1925 post
1337 1832 1804 1906 Herodotum
1864 1833 2114 1904 statim
2174 1839 2584 1926 sequuntur

293 1962 521 2055 στίχοι
557 1958 843 2055 ἡρωϊκοί
881 1959 1028 2032 duo
1064 1970 1143 2034 et
1177 1962 1449 2057 viginti
1484 1961 1709 2058 plane
1740 1958 2030 2047 insulsi,
2061 1960 2328 2056 quibus
2355 1957 2583 2033 libra-

285 2089 452 2160 rius
481 2084 717 2181 aliqui
744 2084 923 2159 olim
949 2112 1246 2184 operam
1271 2115 1477 2164 suam
1514 2092 1587 2165 ei
1624 2092 1754 2188 qui
1789 2091 2182 2187 imperavit
2215 2086 2579 2162 adulando

285 2216 796 2289 commendat:
850 2213 1062 2315 Σῆσιν
1100 2216 1468 2321 ἐφετμῆσιν
1504 2217 1841 2293 θεοείκελε
1876 2220 2171 2293 δέσποτα
2218 2216 2398 2299 εἴξας
2432 2217 2574 2290 κτλ.

285 2347 570 2419 deinde
606 2345 824 2422 haec:
881 2341 1059 2426 Δόξα
1094 2374 1202 2422 σοι
1234 2350 1508 2423 πάντων
1541 2347 1738 2422 ἕνεκα
1772 2346 2279 2448 παντοκράτωρι
2344 2343 2357 2445 Ι
2421 2343 2572 2418 Τῶν

284 2474 701 2576 συντελεστῆ
739 2480 874 2545 τῶν
911 2478 1137 2550 καλῶν
1175 2477 1319 2552 θεῶ
1355 2477 1569 2581 χάρις,
1611 2487 1836 2576 atque
1872 2479 2056 2551 haec
2091 2485 2490 2574 postrema:

701 2594 941 2674 Ἔτεσι
973 2600 1193 2685 πέντε,
1233 2598 1629 2700 πενταπλῆς
1664 2608 1791 2701 τῆς
1823 2596 2129 2680 δεκάδος·

707 2729 1019 2812 Ἐννάκις
1054 2730 1257 2813 αὖτις,
1299 2735 1424 2829 τῆς
1460 2733 1574 2799 νῦν
1611 2725 2049 2810 ἑκατοντάδος
2067 2751 2081 2765 ·

716 2855 852 2941 Τὰς
884 2856 1210 2958 χιλιάσδε,
1251 2857 1370 2930 σὺν
1407 2855 1813 2956 διπλῆςντῆς
1846 2856 2121 2954 τριάδος
2149 2879 2164 2894 ·

706 2977 1146 3069 Ἰνδικτιῶνος
1174 2984 1374 3058 πάλιν
1412 2983 1511 3065 δὶς
1545 2993 1670 3087 τῆς
1701 2982 2049 3067 πεντάδος.

279 3110 395 3207 (h.
429 3135 497 3184 e.
538 3131 736 3182 anno
769 3107 1029 3183 mundi
1059 3108 1259 3181 6955
1287 3106 1443 3180 sive
1477 3115 1646 3201 post
1669 3101 2053 3180 Christum
2088 3105 2336 3203 1447),
2365 3106 2469 3179 sic
2494 3115 2582 3180 ut

280 3241 472 3314 dedi
534 3248 899 3334 corrupta.
1036 3235 1485 3332 Georgiades
1556 3259 1727 3308 cum
1800 3236 2002 3308 hunc
2077 3260 2371 3332 quoque
2447 3262 2579 3310 ex·-

281 3370 708 3465 scripsisset
754 3378 832 3442 et
871 3369 1067 3464 quod
1106 3367 1412 3440 mirerise
1443 3362 1824 3461 aliquanto
1875 3363 2171 3460 plenius
2223 3389 2444 3462 quam
2483 3366 2581 3455 P,

282 3501 478 3572 satis
514 3499 747 3572 habui
786 3496 1069 3594 aliquot
1102 3498 1348 3593 capita
1380 3495 1604 3591 primi
1638 3492 1814 3568 libri
1852 3496 2296 3570 tractavisse.

512 3629 580 3701 9.
636 3652 669 3705 t
754 3629 949 3701 inter
996 3627 1396 3702 Urbinates
1445 3622 1941 3699 bibliothecae
1985 3620 2389 3699 vaticanae
2438 3649 2583 3698 nu·-

281 3781 503 3832 mero
580 3759 675 3831 88
696 3812 716 3848 ‚
809 3758 891 3831 in
966 3756 1411 3831 membranis
1496 3756 1938 3850 grandibus,
2022 3753 2296 3829 saecu-li
2354 3755 2577 3829 XIV.

282 3888 747 3986 praescripta
803 3896 977 3960 sunt
1034 3887 1288 3959 eadem
1347 3908 1536 3981 quae
1598 3884 1681 3958 in
1743 3882 1811 3956 d.
1914 3883 2234 3958 contulit
2274 3909 2443 3957 cum
2491 3906 2585 3958 eo

277 4017 573 4093 librum
609 4017 957 4113 quintum
989 4040 1157 4088 meo
1190 4024 1452 4110 rogatu
1486 4013 1917 4087 Franciscus
1952 4012 2490 4110 Umpfenbach.

517 4149 631 4221 10.
675 4172 714 4220 s
791 4144 972 4221 olim
1008 4144 1373 4223 Gulielmi
1409 4141 1745 4218 Sancroft
1777 4143 2341 4241 Archiepiscopi
2379 4145 2576 4218 Can-

277 4277 689 4355 mariensis
708 4332 729 4365 ,
792 4300 993 4350 nunc
1052 4274 1544 4349 bibliothecae
1604 4272 1898 4370 collegii
1949 4275 2020 4346 S.
2075 4273 2578 4349 Emmanuelis

277 4410 501 4507 apud.
562 4406 1197 4503 cantabrigienses
1261 4406 1397 4502 (Π,
1455 4404 1626 4509 105)
1647 4461 1666 4493 ,
1730 4390 1746 4418 ‘
1772 4402 1958 4478 liber
2018 4404 2442 4478 chartaceus
2504 4414 2579 4479 et

279 4563 562 4638 parum
597 4545 831 4624 vetus,
883 4546 961 4610 at
1011 4534 1317 4632 pulchre
1368 4536 1681 4631 scriptus
1732 4542 1807 4607 et
1851 4532 2239 4629 perfectus,
2290 4534 2373 4609 in
2411 4536 2576 4623 4t0’‚
