3059 5125
1170 369 1458 426 Praefatio.
2220 392 2463 436 xxxvn

202 517 517 620 normam
552 557 842 643 praeter
876 549 1161 623 codices
1197 547 1316 622 vel
1365 557 1559 622 certe
1596 558 1885 644 praeter
1920 550 2256 622 codicum
2290 574 2465 621 con-

200 685 499 751 stantem
524 680 957 751 memoriam
983 701 1323 752 revocare
1347 679 1491 751 sibi
1520 677 1928 764 videbatur,
1960 679 2238 773 quippe
2276 703 2463 772 quae

199 809 652 881 crederentur
702 810 797 880 ab
845 810 973 894 eis,
1021 809 1152 903 qui
1187 807 1425 880 multo
1461 817 1631 902 post
1662 807 1880 880 illum
1930 809 2019 881 de
2072 834 2162 881 ea
2205 831 2465 879 norma

198 938 416 1008 acrius
452 937 837 1032 inquirere
870 961 1199 1031 coepere,
1251 962 1402 1009 non
1438 937 1596 1010 sine
1634 938 2066 1010 auctoritate
2103 937 2461 1009 librorum

198 1074 636 1139 vetustorum
683 1065 903 1139 edita.
995 1064 1196 1138 ultra
1239 1066 1596 1139 Aldinam
1632 1075 2015 1160 pertexere
2051 1068 2455 1149 historiam,

196 1219 368 1290 quae
402 1220 604 1268 nunc
640 1197 790 1268 dici
826 1194 1033 1283 solet,
1071 1195 1401 1287 criticam
1437 1220 1589 1268 non
1624 1196 1915 1270 videtur
1963 1205 2130 1290 post
2163 1199 2462 1269 VVesse-

193 1324 392 1420 lingii
438 1325 1119 1420 Schweighaeuseri
1155 1324 1453 1398 Baehrii
1500 1324 2149 1398 commentationes
2195 1351 2459 1421 operae

193 1454 493 1547 pretium
530 1479 714 1528 esse.
795 1479 931 1528 nec
967 1454 1163 1527 enim
1200 1463 1488 1549 praeter
1524 1455 1934 1528 Henricum
1970 1455 2456 1550 Stephanum,

195 1585 310 1676 qui
391 1585 506 1656 bis
597 1584 870 1671 edidit,
969 1584 1291 1679 primum
1381 1608 1444 1655 a.
1515 1584 1945 1672 MDLXX,
2035 1585 2299 1657 iterum
2388 1610 2451 1655 a.

189 1712 813 1784 MDLXXXXII
829 1769 850 1800 ,
912 1714 1387 1808 codicumque
1438 1737 1579 1809 ope
1615 1714 2120 1786 Parisinorum
2172 1713 2459 1808 aliquot

192 1840 371 1913 locos
419 1841 539 1916 vel
589 1843 1012 1915 emendavit
1061 1840 1181 1915 vel
1238 1843 1731 1915 emendandos
1780 1845 2107 1931 monuit,
2166 1845 2459 1938 paucis-

191 1970 388 2042 simos
436 1972 599 2067 ipse
652 1972 994 2058 correxit,
1047 1996 1279 2043 unum
1324 1972 1546 2045 etiam
1582 1971 1679 2067 (A
1719 1973 1842 2069 47)
1893 1974 2095 2046 haud
2143 1974 2363 2046 dubie
2414 1999 2455 2046 e

192 2098 391 2171 titulo
437 2100 811 2195 Delphico
861 2125 907 2171 a
949 2101 1255 2196 Cyriaco
1307 2100 1483 2173 olim
1535 2103 1898 2196 descripto
1946 2127 2096 2175 non
2143 2104 2459 2176 correxit

192 2231 305 2301 sed
337 2229 728 2324 pervertit:
811 2238 1101 2325 praeter
1161 2230 1622 2325 Stephanum
1697 2232 1923 2328 igitur
1994 2256 2209 2305 nemo
2281 2242 2452 2306 ante

194 2356 494 2431 Galeum
532 2359 1148 2455 Gronoviumque
1183 2357 1567 2456 exemplar
1592 2361 1954 2435 Aldinum
1992 2364 2086 2434 ad
2121 2362 2451 2434 codicum

192 2489 683 2564 auctoritatem
718 2498 1116 2564 retractare
1150 2488 1490 2564 instituit.

378 3136 685 3210 Codices
736 3161 955 3233 quem
1022 3139 1114 3209 ad
1165 3139 1464 3209 modum
1526 3163 1574 3209 a
1623 3162 1755 3210 suo
1808 3139 2118 3234 quisque
2180 3164 2446 3235 genere

193 3264 526 3339 demutati
580 3268 730 3340 sint
777 3277 1166 3361 postquam
1232 3268 1710 3362 exposuimus
1729 3322 1747 3355 ‚
1812 3269 2148 3362 sequitur
2207 3278 2293 3341 ut
2356 3272 2446 3343 de

192 3392 492 3486 ipsorum
540 3420 899 3492 generum
950 3396 1198 3470 indole
1251 3405 1327 3469 et
1373 3397 1661 3469 vicibus
1714 3397 1976 3469 similis
2012 3398 2446 3471 instituatur

194 3521 595 3617 disputati0‚
631 3527 774 3597 hoc
808 3534 919 3599 est
953 3534 1039 3598 ut
1074 3534 1490 3620 quaeratur,
1527 3527 1810 3599 codices
1844 3524 1960 3598 illi
1996 3529 2166 3615 duo,
2205 3555 2245 3601 e
2283 3529 2446 3623 qui-

193 3651 314 3722 bus
345 3653 564 3727 ABG
613 3653 809 3750 (nam
857 3653 910 3727 d
956 3655 1111 3729 sine
1162 3653 1421 3728 fraude
1473 3656 1623 3728 iam
1672 3654 2131 3753 neglegatur)
2183 3666 2258 3729 et
2298 3658 2449 3731 PR

194 3778 470 3856 fluxisse
505 3792 1083 3858 consentaneum
1119 3793 1251 3872 est,
1293 3809 1474 3880 quos
1511 3781 1573 3856 X
1612 3794 1688 3858 et
1725 3783 1791 3857 Ψ
1825 3785 2219 3881 signamus,
2263 3812 2445 3881 qua-

197 3915 387 3984 tenus
435 3915 525 3986 ab
562 3914 973 3986 communis
1022 3913 1347 4009 parentis
1391 3913 1545 3987 sive
1580 3915 1993 4012 Archetypi
2030 3914 2138 4013 (Ω)
2185 3916 2442 3988 simili-

197 4040 428 4114 tudine
475 4042 956 4116 discesserint.
1068 4066 1257 4139 quae
1310 4043 1708 4138 disputatio
1757 4053 1844 4116 ut
1885 4054 1993 4118 est
2044 4047 2138 4117 ad
2172 4068 2441 4118 munus

199 4172 593 4245 recensendi
625 4173 764 4246 rite
799 4180 876 4246 et
909 4180 1106 4245 recte
1143 4172 1796 4246 administrandum
1832 4174 2281 4271 gravissima,
2337 4176 2443 4247 ita

199 4319 318 4370 nec
371 4302 710 4396 expedita
769 4326 907 4375 nec
982 4327 1027 4374 a
1085 4301 1483 4398 multiplici
1548 4302 2004 4377 dubitatione
2067 4304 2435 4377 immunis.

201 4422 367 4500 illud
419 4431 614 4503 enim
675 4455 789 4505 res
838 4432 1001 4526 ipsa
1047 4431 1403 4519 ostendit,
1468 4457 1619 4505 non
1671 4456 1883 4527 posse
1942 4433 2438 4508 recensionem

203 4552 439 4630 iustam
499 4560 695 4634 intra
756 4560 1055 4636 alterius
1121 4562 1354 4635 utrius
1407 4562 1691 4659 generis
1744 4564 1963 4637 fidem
2021 4563 2436 4650 consistere,
