3059 5125
1158 357 1558 419 —B-
2380 362 2493 424 141

233 533 343 631 τὴν
380 528 633 604 δίαιταν
669 527 844 603 οὕτω
881 529 1253 630 ἐποιήσατο
1307 540 1442 603 τῶν
1487 532 1749 605 παίδων
1800 532 1986 633 παρὰ
2019 535 2306 633 ταύτῃσι
2340 536 2498 636 τῇσι

231 653 486 749 γυναιξί.

369 757 563 846 Κατᾶ
610 773 730 868 μὲν
777 776 864 873 δὴ
915 781 1039 875 τὴν
1092 775 1350 873 τροφὴν
1403 780 1537 845 τῶν
1590 772 1851 846 παίδων
1900 780 2197 849 τοσαῦτα
2233 773 2490 873 ἔλεγον,

225 892 467 990 ἤκουσα
506 890 582 965 δὲ
616 896 725 966 καὶ
775 893 950 968 ἄλλα
998 895 1067 968 ἐν
1105 889 1344 991 Μέμφι
1396 892 1620 967 ἐλθὼν
1671 892 1744 975 ές
1780 894 2020 993 λόγους
2062 897 2234 968 τοῖσι
2286 897 2496 994 ἱρεῦσι

169 1034 195 1082 5
224 1017 331 1083 τοῦ
356 1000 759 1111 Ἡφαίστου.
857 1017 963 1087 καὶ
1002 1014 1088 1114 δη
1128 1017 1237 1086 καὶ
1275 1013 1347 1093 ές
1384 1010 1620 1116 Θήβας
1653 1039 1727 1087 τε
1762 1017 1870 1087 καὶ
1908 1015 1980 1096 ές
2004 1007 2252 1086 “Ηλίου
2294 1014 2491 1087 πόλιν

225 1134 428 1206 αὐτῶν
482 1137 737 1207 τούτων
790 1132 1037 1208 εἵνεκεν
1078 1134 1496 1234 ἐτραπόμην,
1541 1132 1800 1206 ἐθέλων
1846 1134 2092 1207 εἰδέναι
2128 1133 2186 1206 εἰ
2223 1133 2492 1235 συμβή-

224 1280 436 1328 σονται
489 1259 661 1329 τοῖσι
713 1255 970 1353 λόγοισι
1020 1257 1193 1328 τοῖσι
1248 1253 1316 1326 ἐν
1372 1248 1653 1349 Μέμφι·
1732 1255 1794 1324 οἱ
1851 1250 1976 1353 γὰρ
2018 1240 2495 1327 ζΗλιοπολῖται

224 1374 516 1473 λέγονται
553 1371 937 1473 Αἰγυπτίων
977 1372 1148 1447 εἶναι
1186 1373 1606 1471 λογιώτατοι.
1698 1369 1783 1444 τὰ
1832 1371 1951 1467 μέν
2000 1400 2115 1443 νυν
2164 1372 2321 1446 θεῖα
2359 1382 2491 1445 τῶν

222 1492 685 1594 ἀπηγημάτων
755 1491 868 1565 οἷα
928 1494 1212 1594 ἤκουον,
1293 1492 1414 1564 οὐκ
1474 1492 1612 1586 εἰμὶ
1665 1492 2016 1590 πρόθυμος
2070 1491 2488 1592 ἐξηγέεσθαι,

140 1633 191 1682 ιο
220 1613 338 1694 ἔξω
385 1615 434 1714 ἢ
488 1612 570 1686 τὰ
613 1613 955 1709 οὐνόματα
1004 1612 1225 1685 αὐτῶν
1270 1617 1537 1706 μοῦνον,
1598 1612 1890 1707 νομίζων
1938 1612 2191 1693 πάντας
2225 1610 2492 1712 ἀνθρώ-

217 1760 372 1816 πους
405 1736 545 1808 ἴσον
579 1739 736 1834 περὶ
778 1735 998 1807 αὐτῶν
1038 1732 1475 1806 ἐπίστασθαι·
1535 1728 1617 1803 τὰ
1653 1721 1719 1803 δ’
1767 1728 1847 1803 ἂν
1887 1731 2329 1831 ἐπιμνησθέω
2367 1732 2492 1804 αὐ-

218 1860 361 1938 τῶν,
404 1853 532 1925 ὑπὸ
568 1859 690 1925 τοῦ
729 1853 932 1950 λόγου
982 1852 1602 1950 ἐξαναγκαζόμενος
1651 1851 2272 1951 ἐπιμνησθήσομαι.
2364 1852 2490 1925 ὅσα
2516 1866 2553 1924 4

221 1971 287 2043 δὲ
335 1971 739 2073 ἀνθρωπήια
789 1977 1193 2073 πρήγματα,
1255 1972 1393 2048 ὧδε
1447 1970 1681 2071 ἔλεγον
1741 1972 2226 2070 ὁμολογέοντες
2276 1977 2484 2071 σφίσι,

220 2098 512 2191 πρώτους
564 2094 967 2191 Αἰγυπτίους
1018 2090 1399 2192 ἀνθρώπων
1461 2090 1776 2164 ἁπάντων
1839 2090 2125 2191 ἐξευρεῖν
2179 2094 2293 2164 τὸν
2353 2092 2487 2166 ἐνι-

144 2227 193 2277 1⁵
221 2215 402 2285 αυτόν
423 2273 437 2296 ,
515 2212 817 2285 δυώδεκα
880 2214 1088 2312 μέρεα
1157 2212 1580 2307 δασαμένους
1632 2219 1767 2285 τῶν
1826 2210 2060 2311 ὡρέων
2119 2211 2190 2292 ές
2250 2212 2449 2284 αὐτόν
2471 2237 2485 2249 ·

218 2338 412 2405 ταῦτα
450 2332 524 2406 δὲ
560 2332 847 2432 ἐξευρεῖν
884 2332 960 2406 ἐκ
993 2340 1129 2404 τῶν
1167 2329 1467 2431 ἀστέρων
1509 2331 1763 2430 ἔλεγον.
1846 2330 2080 2430 ἄγουσι
2117 2329 2192 2403 δὲ
2228 2333 2488 2430 τοσῷδε

220 2456 592 2551 σοφώτερον
634 2440 1023 2552 “Ελλήνων,
1080 2451 1232 2556 έμοὶ
1286 2450 1557 2536 δοκέειν,
1617 2452 1759 2550 ὅσῳ
1798 2446 2147 2551 (Έλληνες
2201 2450 2322 2546 μὲν
2383 2449 2489 2523 διὰ

216 2577 427 2670 τρίτου
481 2572 670 2653 ἔτεος
735 2571 1106 2674 ἐμβόλιμον
1170 2572 1673 2674 ἐπεμβάλλουσι
1736 2580 1869 2644 τῶν
1926 2572 2159 2672 ὡρέων
2217 2570 2482 2655 εἵνεκεν,

220 2688 552 2789 Αἰγύπτιοι
590 2690 666 2763 δὲ
697 2693 1315 2792 τριηκοντημέρους
1367 2692 1647 2792 ἄγοντες
1696 2693 1854 2772 τοὺς
1906 2691 2209 2764 δυώδεκα
2267 2701 2488 2793 μῆνας

134 2826 188 2876 ²⁰
219 2809 523 2908 ἐπάγουσι
562 2808 687 2885 ἀνὰ
717 2814 850 2885 πᾶν
892 2810 1043 2893 ἔτος
1075 2811 1277 2886 πέντε
1310 2811 1577 2912 ἡμέρας
1609 2811 1816 2912 πάρεξ
1849 2817 1968 2883 τοῦ
2005 2808 2319 2910 ἀριθμοῦ,
2378 2817 2487 2884 καί

221 2956 329 3028 σφι
384 2932 418 3003 ὁ
484 2933 727 3012 κύκλος
789 2938 922 3004 τῶν
985 2933 1219 3031 ὡρέων
1281 2932 1351 3013 ἐς
1408 2934 1627 3004 τώυτὸ
1688 2933 1966 3031 περιιὼν
2023 2936 2479 3030 παραγίνεται.

223 3048 508 3124 δυώδεκά
539 3077 612 3124 τε
648 3052 830 3124 θεῶν
872 3051 1257 3147 ἐπωνυμίας
1305 3050 1537 3149 ἔλεγον
1578 3055 1885 3150 πρώτους
1920 3047 2322 3149 Αἰγυπτίους
2370 3078 2484 3123 νο-

224 3173 397 3263 μίσαι
442 3174 552 3243 καὶ
599 3164 960 3271 υΈλληνας
994 3169 1178 3269 παρὰ
1223 3172 1450 3270 σφέων
1500 3170 1879 3273 ἀναλαβεῖν,
1934 3170 2211 3272 βωμούς
2255 3197 2326 3244 τε
2375 3177 2485 3244 καὶ

2521 789 2560 851 ω

513 3409 629 3481 περὶ
654 3411 725 3462 ὦν
751 3406 1018 3481 Αἰγύπτιοι
1043 3409 1244 3482 ἐξεῦρον

411 3602 458 3653 5.
485 3599 799 3671 Stephanus
823 3600 952 3671 Byz.
982 3617 1029 3653 v.
1058 3594 1236 3653 Ἡλίου
1263 3598 1429 3658 πόλις.
1460 3627 1522 3638 -
1542 3602 1591 3651 -7
1613 3616 1693 3670 sq.
1729 3598 2047 3654 Eustathius
2069 3599 2235 3654 Dion.
2267 3602 2386 3655 232.
2418 3631 2483 3640 -

317 3668 361 3719 8.
387 3669 450 3722 τά
469 3669 561 3738 μέν
577 3700 607 3710 -
631 3671 693 3721 10
720 3674 908 3739 μοῦνον
929 3668 1310 3738 Athenagoras
1332 3668 1498 3738 legat.
1521 3670 1606 3722 24.
1631 3698 1700 3708 -—
1731 3672 1810 3723 14.
1837 3669 2162 3723 Eustathius
2188 3669 2351 3725 Dion.
2383 3673 2484 3723 232

321 3841 366 3893 1.
404 3839 562 3900 οὕτως
587 3843 638 3896 L
694 3843 718 3907 ΙΙ
777 3841 991 3895 παιδίων
1017 3842 1140 3896 Rdz
1196 3845 1218 3907 ΙΙ
1276 3847 1389 3901 ταῖς
1414 3842 1513 3896 Rd
1580 3844 1602 3908 ΙΙ
1674 3842 1722 3895 3.
1762 3843 1858 3912 τὴν
1884 3858 1991 3895 om.
2023 3843 2120 3897 Rd
2181 3846 2204 3909 ΙΙ
2268 3842 2482 3898 παιδίων

229 3906 336 3961 Raz
378 3912 399 3977 ΙΙ
443 3913 492 3963 4.
535 3911 716 3982 ἱερεῦσι
743 3912 799 3965 Β
832 3913 855 3976 ΙΙ
891 3914 939 3964 5.
979 3910 1132 3981 ἡλίου
1157 3910 1303 3965 πόλιν
1328 3915 1412 3965 Aa
1438 3909 1742 3980 ἡλιούπολιν
1779 3914 1802 3978 ΙΙ
1845 3914 1890 3963 6.
1934 3911 2100 3965 αὐτῶν
2123 3911 2318 3966 τούτων
2348 3912 2479 3967 ΟΒι

229 3975 402 4031 αὐτέων
422 3979 642 4032 τουτέων
665 3980 848 4045 ΑΒΡ,
879 3980 1045 4033 αὐτῶν
1071 3982 1125 4046 d,
1153 3979 1347 4034 αὐτέων
1371 3999 1397 4033 z
1453 3982 1474 4044 ΙΙ
1537 3978 1704 4033 ἕνεκεν
1731 3981 1807 4046 R,
1835 3979 1983 4033 ἕνεκα
2008 3982 2046 4034 d
2100 3984 2123 4047 ΙΙ
2186 3983 2234 4032 7.
2280 3981 2481 4055 μέμφηι

235 4044 276 4098 G
308 4049 330 4111 ΙΙ
369 4047 691 4116 ἡλιοπολῖται
714 4051 858 4103 AB=
885 4048 1245 4119 ἡλιουπολῖται
1294 4051 1316 4114 ΙΙ
1372 4050 1419 4101 Β.
1459 4049 1571 4119 λογι
1615 4053 1801 4102 ώτατοι
1829 4050 1965 4103 chz.
1995 4049 2150 4103 Eust.
2204 4052 2226 4115 ΙΙ
2274 4054 2320 4102 9.
2366 4050 2483 4124 διη-

228 4113 406 4181 γεῖσθαι
427 4118 629 4172 Athen.
675 4121 699 4185 u
747 4120 827 4170 10.
867 4118 966 4181 ἔξω
989 4116 1045 4187 ἢ]
1075 4119 1129 4181 ἐξ
1153 4120 1223 4171 ὦν
1249 4117 1453 4171 Athen.
1500 4121 1523 4184 ΙΙ
1625 4118 1791 4187 όματα
1816 4120 1867 4171 d.
1899 4116 2104 4171 Athen.
2149 4120 2172 4184 ΙΙ
2213 4120 2407 4172 αὐτέων
2433 4141 2476 4173 ε.

232 4183 411 4238 Athen.
448 4189 471 4253 11
506 4187 662 4257 μόνον
685 4188 799 4251 Ra,
829 4194 994 4254 μοῦνα
1019 4187 1112 4240 ἐλά
1153 4204 1262 4240 ιστα
1288 4186 1491 4241 Athen.
1534 4190 1557 4253 ΙΙ
1598 4189 1675 4239 11.
1709 4187 1819 4240 ἶσον
1851 4188 1955 4241 CR
1994 4190 2016 4254 ΙΙ
2052 4207 2113 4241 πε
2147 4188 2340 4241 ὶαύτὸν
2365 4190 2478 4256 Rd,

231 4253 328 4322 περὶ
349 4254 534 4309 αὐτέων
558 4275 585 4309 z
631 4260 654 4323 ΙΙ
702 4255 1004 4328 ἐπιμνησθῶ
1027 4258 1078 4311 L
1123 4262 1133 4322 Ι
1200 4257 1278 4309 12.
1319 4256 1727 4327 ἀναγκαζόμενος
1755 4257 1874 4310 Rdz
1920 4259 1943 4323 ΙΙ
1995 4259 2075 4309 13.
2149 4256 2481 4329 μολογέοντές

233 4325 452 4391 οφιΒῑΟ
499 4329 521 4392 ΙΙ
583 4327 663 4379 14.
704 4325 948 4397 έξευρέειν
975 4327 1024 4380 L
1081 4329 1103 4392 ΙΙ
1170 4328 1247 4379 15.
1287 4326 1462 4396 ὡρέων
1492 4326 1553 4388 C,
1583 4328 1626 4377 ὡ
1694 4326 1835 4378 (aava
1887 4329 1909 4392 ΙΙ
1976 4329 2054 4379 16.
2093 4327 2311 4395 ἐξευρεῖν
2335 4330 2479 4382 AB:

233 4388 450 4464 έξιυρέειν
494 4398 516 4461 ΙΙ
561 4395 759 4467 ἄστρων
784 4396 947 4450 ABG
983 4399 1006 4461 ΙΙ
1069 4398 1148 4447 17.
1188 4397 1260 4453 ὡς
1284 4394 1402 4462 ἐμοὶ
1426 4393 1595 4448 δοκέει
1680 4397 1742 4448 dz
1796 4398 1818 4461 ΙΙ
1883 4397 1962 4448 18.
2004 4395 2411 4466 ἐπεμβάλουσιᾱ
2464 4424 2479 4465 ,ς

233 4460 388 4529 ὡρέων
416 4462 459 4517 O
530 4468 552 4530 ΙΙ
638 4466 718 4519 19.
749 4463 1217 4537 τριηκοντημέρους
1241 4464 1390 4517 Rdz:
1428 4462 1900 4536 τριηκονθημέρους
1931 4464 2062 4529 0²P,
2099 4464 2482 4538 τριακονθημέ-

235 4544 338 4595 Ρους
360 4534 523 4586 AB&
567 4537 591 4599 u
638 4536 721 4586 23.
761 4536 898 4606 παρά
924 4551 1092 4606 σφεων
1121 4534 1170 4588 C
