3059 5125
1167 334 1455 389 Praefatio.
2342 352 2459 398 1101

199 512 541 599 videatur,
578 512 778 607 quod
812 535 1011 583 nunc
1047 479 1501 584 intercidisse
1538 510 2050 606 comperimUS,
2088 507 2459 605 singulare

199 643 281 714 de
313 638 503 713 facto
540 640 794 736 aliquo
831 639 1184 734 singulari
1221 639 1655 735 capitulum.
1730 664 1945 735 porro
1982 641 2071 712 de
2106 639 2453 711 librorum

197 779 265 844 et
295 770 509 843 initio
545 779 623 844 et
658 770 871 843 exitu
917 793 1062 863 quo
1111 769 1192 841 in
1243 770 1743 865 perpetuitate
1794 769 2141 841 orationis
2191 767 2459 841 melius

195 907 567 987 constaret,
621 899 995 1026 provisum
1047 897 1193 971 fuit
1240 898 1527 973 ratione
1582 901 1898 994 quadam
1946 897 2279 971 sollerter
2328 921 2458 969 ex-

193 1028 533 1125 cogitata,
591 1053 815 1124 quam
863 1028 944 1100 in
995 1027 1159 1099 aliis
1209 1029 1729 1102 animadvertit
1774 1029 2054 1134 primus
2105 1027 2185 1100 ni
2241 1024 2460 1099 fallor

193 1161 360 1231 Otto
415 1159 611 1230 Iahn
675 1157 756 1229 in
807 1156 1179 1253 Philologi
1237 1166 1410 1230 tom.
1451 1157 1617 1229 XII
1676 1182 1749 1253 p.
1794 1160 1982 1245 506,
2045 1166 2132 1229 ut
2189 1157 2457 1251 quibus

193 1288 489 1383 quisque
545 1287 738 1360 liber
797 1287 1034 1360 verbis
1096 1286 1595 1373 clauderetur,
1657 1289 1912 1360 eadem
1961 1288 2043 1360 in
2092 1286 2457 1381 principio

192 1417 496 1511 proximi
563 1417 944 1512 sequentis
993 1417 1467 1490 iterarentur:
1533 1417 1729 1509 quod
1781 1441 1978 1488 nunc
2029 1416 2326 1511 quidem
2375 1415 2455 1487 in

191 1547 517 1618 omnibus
554 1546 932 1619 codicibus
968 1548 1434 1618 observatum
1472 1545 1804 1618 videmus
1841 1545 1920 1617 in
1958 1544 2034 1617 Θ.
2066 1546 2129 1632 Ι,
2169 1554 2456 1640 praeter

196 1675 264 1746 P
289 1685 371 1748 ut
405 1686 658 1749 tamen
691 1675 778 1746 in
811 1699 900 1748 eo
936 1675 1097 1770 ipso
1137 1675 1534 1770 vestigium
1572 1683 1948 1769 appareat,
1986 1674 2067 1746 in
2102 1674 2166 1748 B
2204 1683 2453 1747 autem

189 1812 257 1877 et
297 1802 368 1876 Γ.
407 1802 482 1876 Δ.
526 1802 580 1876 Ζ
633 1806 727 1876 ab
782 1828 927 1875 uno
981 1804 1052 1874 R
1101 1804 1229 1875 sed
1276 1803 1385 1876 ita
1432 1805 1903 1877 immutatum
1957 1812 2080 1890 ut,
2132 1828 2322 1899 quae
2373 1803 2453 1875 in

187 1933 530 2028 principio
554 1933 911 2028 cuiusque
925 1933 1390 2028 leg-antur,ea
1409 1933 1715 2006 exeunti
1737 1935 2074 2028 proximo
2098 1932 2455 2028 superiori
2564 1923 2569 1932 ⁸

166 2063 418 2142 ,addita
464 2063 642 2135 sint.
749 2063 830 2134 in
882 2062 1338 2158 marginibus
1387 2086 1560 2136 vero
1607 2061 1909 2136 fuerunt
1957 2071 2035 2136 et
2078 2065 2455 2136 summaria

186 2215 393 2264 rermn
425 2200 795 2287 perpetua
841 2202 917 2265 et
950 2191 1200 2264 scholia
1250 2192 1452 2264 haud
1500 2189 1939 2286 frequentia.
2027 2191 2162 2265 illa
2210 2194 2456 2266 tenuit

186 2320 252 2390 A
296 2321 356 2392 si
388 2321 639 2394 minus
688 2321 978 2416 integra
1025 2329 1102 2395 et
1151 2330 1441 2407 cuncta,
1483 2363 1575 2374 —
1634 2330 2016 2395 rarescunt
2063 2321 2264 2395 enim
2314 2331 2450 2393 aut

185 2449 673 2525 intermittunt
705 2474 1226 2545 nonnusquam
1261 2451 1497 2524 nimio
1534 2450 1952 2538 intervaHO,
1991 2450 2197 2525 velut
2224 2451 2288 2524 B
2319 2452 2440 2524 94.

186 2575 234 2649 Δ
275 2582 383 2654 11.
425 2582 547 2655 36.
593 2577 658 2652 H
697 2581 865 2667 168,
901 2581 1266 2654 incertum
1296 2605 1392 2653 an
1429 2581 1508 2655 in
1546 2582 1709 2676 ipso
1748 2580 1804 2653 Ω
1839 2623 1961 2669 -,
1998 2590 2191 2655 certe
2226 2580 2449 2676 longe

185 2708 631 2802 plenissima:
681 2736 723 2783 e
762 2734 908 2804 quo
942 2735 1143 2783 1111110
1178 2710 1501 2805 primum
1552 2711 1751 2783 edidi
1793 2710 2154 2784 rarissime
2199 2735 2448 2785 emen-

185 2839 479 2913 dationis
513 2838 928 2935 indigentia
946 2895 964 2926 ,
1018 2840 1271 2935 paucis
1321 2840 1548 2913 etiam
1598 2866 1639 2914 e
1675 2840 1825 2913 BR
1873 2841 2280 2935 adsumptis
2328 2839 2449 2914 vel

186 2968 516 3042 adauctis.
624 2968 906 3042 scholia
953 2978 1204 3043 autem
1253 2977 1548 3043 vetusta
1594 2968 1831 3042 multo
1892 2994 2067 3065 prae
2128 2993 2448 3043 summa-

183 3094 434 3169 riorum
471 3098 760 3171 ambitu
796 3099 1126 3194 parciora
1157 3095 1310 3171 fere
1360 3123 1557 3171 unus
1593 3100 1668 3171 B
1715 3099 2056 3185 servavit,
2107 3099 2449 3171 distincta

185 3223 346 3299 olim
395 3230 488 3300 ab
538 3227 691 3299 illis
740 3227 861 3301 vel
910 3227 1157 3300 addito
1206 3199 1336 3327 offo
1387 3228 1540 3302 sive
1590 3220 1682 3327 οῗ(
1733 3226 1918 3324 siglo
1942 3284 1960 3315 ,
2026 3231 2220 3324 quod
2273 3252 2446 3301 con-

183 3352 428 3429 iectare
463 3356 643 3431 licet
677 3382 773 3430 ex
808 3356 907 3444 A,
943 3356 1062 3430 vel
1097 3357 1370 3453 dispari
1406 3381 1673 3453 genere
1709 3357 2143 3431 litterarum.

370 3485 469 3558 Et
504 3487 692 3559 haec
729 3485 1027 3581 quidem
1061 3487 1151 3559 de
1186 3494 1496 3560 externa
1520 3487 1931 3583 Archetypi
1964 3484 2199 3561 forma
2232 3488 2443 3560 certis

187 3622 506 3705 poterant
538 3615 830 3688 indiciis
866 3614 1256 3711 explorari.
1347 3615 1510 3711 ipsa
1545 3641 1717 3690 vero
1767 3617 1849 3688 in
1897 3642 1986 3690 eo
2023 3619 2245 3691 verba
2292 3643 2441 3690 non

188 3765 395 3814 vacua
450 3741 682 3817 fuisse
743 3745 946 3818 varia
1001 3743 1172 3818 labe
1234 3754 1311 3819 et
1371 3746 1785 3841 corruptela
1847 3771 1984 3819 nec
2059 3746 2444 3820 mirabitur

187 3869 554 3967 quisquam
588 3898 728 3946 nec
761 3873 1209 3948 dubitabunt
1254 3873 1397 3947 nisi
1440 3899 1705 3970 parum
1748 3875 1827 3949 in
1862 3875 1978 3947 his
2014 3874 2245 3948 literis
2282 3900 2441 3948 ver-

187 3999 328 4071 sati.
377 4026 514 4075 nec
537 4004 628 4076 de
656 4003 1185 4077 emendationis
1210 4014 1482 4078 eventu
1511 4005 2070 4099 desperandum,
2100 4006 2316 4076 modo
2344 4030 2440 4079 ne

189 4140 646 4204 correctorum
695 4131 827 4205 ille
869 4104 1120 4229 aliqua
1164 4133 1528 4207 constanti
1570 4133 2137 4229 interpolatione
2180 4135 2441 4229 genui-

187 4278 340 4330 nam
360 4261 644 4334 exuerit
667 4262 1003 4357 speciem.
1044 4263 1241 4359 quod
1263 4286 1414 4335 non
1436 4260 1715 4335 factum
1740 4264 2068 4350 arbitror,
2090 4273 2287 4337 certe
2311 4289 2442 4336 cur

190 4389 568 4481 suspicarer
601 4415 754 4465 non
787 4391 1060 4466 inveni.
1152 4417 1325 4465 nam
1376 4392 1883 4466 additiciorum
1936 4417 2245 4467 numero
2286 4417 2437 4466 non

190 4511 738 4614 infirequentium
781 4546 871 4596 ea
918 4530 1033 4596 est
1066 4521 1444 4596 diversitas
1490 4531 1567 4595 et
1616 4523 1876 4595 aetatis
1926 4531 2004 4596 et
2025 4617 2033 4623 ²
2052 4548 2435 4596 causarum
