3059 5125
870 293 953 303 —
1045 253 1090 319 Γ
1184 292 1257 302 -
2092 261 2216 322 263

0 460 41 512 ες
84 432 344 527 ὁμοίως
398 429 441 502 ἃ
492 433 600 501 καὶ
644 433 706 501 οί
744 429 988 531 Λίβυες
1041 436 1314 503 τοιαῦτα
1366 431 1713 530 ἐποίησαν.
1839 429 2221 535 Καμβύσης

0 555 13 625 ἐ
46 552 130 625 τὰ
165 549 292 644 μὲν
327 547 519 648 παρὰ
557 545 826 650 Λιβύων
876 549 1165 623 ἐλθόντα
1213 551 1402 650 δῶρα
1441 552 1869 651 φιλοφρόνως
1908 552 2218 634 ἐδέξατο·

0 676 17 743 ἰ
51 671 121 744 δὲ
153 669 348 769 παρὰ
390 666 794 769 Κυρηναίων
833 667 1208 765 ἀπικόμενα
1252 672 1608 769 μεμφθείς,
1660 674 1756 754 ὡς
1791 673 1943 768 ἐμοὶ
1981 672 2213 757 δοκέει,

0 819 35 864 τι
87 795 172 891 ἦν
219 789 423 887 ὀλίγα
450 812 465 827 ·
534 788 843 888 ἔπεμψαν
893 789 1019 890 γὰρ
1058 791 1144 889 δὴ
1181 798 1626 875 πεντακοσίας
1663 794 1872 888 μνέας
1908 790 2222 894 ἀργυρίου

36 909 460 1012 Κυρηναῖοι·
526 912 771 990 ταύτας
821 909 1277 1009 δρασσόμενος
1327 911 1722 1012 αὐτοχειρίῃ
1765 911 2094 1013 διέσπειρε
2134 917 2219 1014 τῇ

0 1059 236 1132 ερατιῃ.

73 1141 363 1252 “Ημέρῃ
434 1153 508 1226 δὲ
566 1152 810 1252 δεκάτῃ
877 1141 992 1225 ἀπ’
1058 1154 1145 1253 ἧς
1201 1153 1549 1256 παρέλαβε
1601 1157 1678 1226 τὸ
1735 1155 1960 1251 τεῖχος
2020 1157 2096 1227 τὸ
2152 1156 2221 1227 ἐν
2255 1167 2326 1227 14

0 1271 173 1372 [έμφι
226 1269 640 1373 Καμβύσης,
712 1277 984 1354 κατίσας
1033 1272 1103 1353 ἐς
1152 1275 1226 1344 τὸ
1274 1274 1674 1373 προάστειον
1730 1274 1840 1347 ἐπὶ
1877 1273 2063 1375 λύμῃ
2105 1278 2218 1347 τὸν

0 1394 216 1469 ισιλέα
280 1402 422 1464 τῶν
474 1390 847 1490 Αἰγυπτίων
901 1390 1385 1493 Ψαμμήνιτον,
1449 1393 1945 1495 βασιλεύσαντα
2003 1405 2220 1496 μῆνας

0 1518 26 1595 ξ.
77 1520 316 1586 τοῦτον
356 1516 629 1593 κατίσας
664 1512 781 1584 σὺν
821 1510 1087 1584 ἀλλὀισι
1126 1510 1544 1611 Αἰγυπτίοισι
1595 1512 1970 1614 διεπειρᾶτο
2017 1516 2221 1587 αὑτοῦ

0 1646 57 1735 ᾗς
116 1638 345 1732 ψυχῆς
408 1633 656 1705 ποιέων
718 1631 961 1704 τοιάδε.
1091 1633 1356 1715 στείλας
1418 1634 1624 1706 αὑτοῦ
1690 1637 1813 1734 τὴν
1879 1634 2220 1735 θυγατέρα

0 1756 168 1857 ιθῆτι
217 1752 515 1852 δουληίῃ
560 1751 893 1847 ἐξέπεμπε
940 1740 1049 1823 ἐπ’
1096 1750 1277 1853 ὕδωρ
1327 1751 1619 1851 ἔχουσαν
1675 1753 1971 1854 ὑδρήιον,
2027 1754 2218 1828 συνέ-

0 1901 155 1969 εμπε
193 1874 271 1947 δὲ
311 1863 426 1946 καὶ
462 1871 674 1953 ἄλλας
707 1871 1084 1970 παρθένους
1143 1870 1477 1955 ἀπολέξας
1525 1869 1790 1973 ἀνδρῶν
1842 1882 1973 1945 τῶν
2028 1880 2216 1974 πρώ-

0 2022 88 2078 nv,
131 1996 395 2090 ὁμοίως
431 1991 845 2086 ἐσταλμένας
879 1994 965 2091 τῇ
1003 1997 1123 2064 τοῦ
1161 1992 1498 2094 βασιλέος.
1555 1991 1679 2075 ’ὡς
1714 1991 1790 2066 δὲ
1829 1993 1962 2095 βοῇ
2001 2015 2071 2067 τε
2110 1997 2217 2066 καὶ

0 2114 270 2212 ίαυθμῷ
316 2117 660 2212 παρήισαν
716 2112 785 2183 αἱ
818 2111 1144 2211 παρθένοι
1191 2112 1376 2214 παρὰ
1410 2116 1572 2197 τοὺς
1606 2114 1921 2212 πατέρας,
1987 2116 2047 2185 οἱ
2100 2112 2219 2209 μὲν

0 2235 128 2307 λλοι
180 2235 434 2315 πάντες
486 2230 782 2333 ἀνεβόων
833 2256 906 2304 τε
962 2233 1072 2303 καὶ
1126 2230 1514 2308 ἀντέκλαιον
1565 2233 1869 2334 ὁρέοντες
1903 2233 1986 2305 τὰ
2022 2232 2220 2304 τέκνα

0 2354 398 2450 εκακωμένα,
454 2354 490 2424 ὑ
530 2351 604 2425 δὲ
648 2349 1096 2450 Ψαμμήνιτος
1130 2351 1426 2452 προϊδὼν
1476 2357 1586 2425 καὶ
1628 2353 1865 2449 μαθὼν
1907 2350 2113 2451 ἔκυψε
2150 2353 2222 2434 ἐς

0 2479 59 2576 ὴν
96 2483 243 2577 γῆν.
345 2471 871 2573 παρελθουσέων
912 2470 986 2545 δὲ
1022 2481 1156 2545 τῶν
1198 2472 1615 2575 ὑδροφόρων,
1672 2472 1951 2573 δεύτερά
1997 2475 2059 2544 οἱ
2106 2474 2217 2544 τὸν

0 2598 143 2668 αῖδα
194 2594 463 2688 ἔπεμπε
523 2583 669 2688 μετ’
736 2592 960 2665 ἄλλων
1015 2589 1391 2691 Αἰγυπτίων
1451 2593 1797 2692 δισχιλίων
1850 2597 1970 2693 τὴν
2009 2592 2219 2691 αὐτὴν

0 2717 205 2815 λικίην
262 2715 581 2812 ἐχόντων,
635 2715 793 2793 τούς
843 2738 916 2785 τε
972 2712 1266 2812 αὐχένας
1314 2712 1503 2810 κάλῳ
1555 2713 1950 2808 δεδεμένους
1999 2715 2107 2783 καὶ
2141 2710 2224 2784 τὰ

0 2839 245 2930 τόματα
284 2831 985 2932 ἐγκεχαλινωμένους·
1044 2835 1289 2933 ἤγοντο
1343 2831 1415 2904 δὲ
1448 2836 1694 2932 ποινὴν
1734 2838 2030 2913 τίσοντες
2067 2828 2217 2904 Μυ-

0 2956 303 3056 Ιληναίων
353 2954 523 3026 τοῖσι
573 2951 642 3025 ἐν
690 2947 931 3047 Μέμφι
982 2950 1465 3047 ἀπολομένοισι
1504 2953 1623 3025 σὺν
1665 2954 1754 3051 τῇ
1789 2956 1923 3050 νηί.
2008 2956 2218 3023 ταῦτα

0 3073 67 3174 ’πρ
120 3075 436 3149 ἐδίκασαν
491 3075 553 3144 οί
603 3070 944 3174 βασιλήιοι
1001 3072 1332 3154 δικασταί,
1410 3069 1578 3171 ὑπὲρ
1642 3068 1885 3170 ἀνδρὸς
1943 3070 2220 3144 ἑκάστου

0 3194 106 3267 {za
159 3191 534 3292 Αἰγυπτίων
590 3199 723 3263 τῶν
781 3196 1068 3290 πρώτων
1143 3189 1706 3264 ἀνταπόλλυσθαι.
1834 3192 1869 3261 ὑ
1929 3190 2002 3262 δὲ
2059 3189 2217 3261 ἰδὼν

0 3314 374 3414 Ιαρεὲιόντας
430 3314 537 3385 καὶ
592 3310 830 3407 μαθὼν
888 3313 1001 3382 τὸν
1052 3310 1263 3383 παῖδα
1316 3312 1685 3408 ἡγεόμενον
1744 3310 1853 3383 ἐπὶ
1906 3306 2215 3391 θάνατον,

251 3535 348 3587 τίσι
372 3534 578 3605 τρόποις
604 3532 913 3605 ἀπεπειρᾶτο
938 3527 1226 3602 Καμβύσης
1256 3529 1600 3601 Ψαμμηνίτου

88 3644 106 3649 -
138 3644 610 3811 2192-.-ἶΗεεΞόῙιί-υε
634 3705 684 3741 v.
716 3687 963 3759 ὑδρήιον).
1030 3715 1091 3727 -
1164 3688 1238 3739 13.
1282 3685 1368 3739 καὶ
1393 3683 1556 3744 ἄλλας
1582 3716 1611 3726 -
1636 3687 1851 3757 πρώτων
1875 3684 2111 3740 Thomas
2137 3685 2213 3740 M.

58 3775 106 3828 p.
136 3767 149 3781 ·
172 3796 199 3810 ..

64 3881 102 3930 1.
145 3879 191 3946 ἃ]
221 3881 289 3939 ὡς
315 3880 391 3947 R,
419 3896 526 3933 om.
557 3878 814 3934 Schaefer
859 3880 881 3943 ΙΙ
927 3879 1152 3942 τοιαῦτα]
1185 3874 1332 3948 ἔτερα
1353 3880 1566 3929 τοιαῦτα
1592 3876 1649 3929 R
1707 3878 1731 3942 11
1801 3879 1850 3929 4.
1892 3877 2222 3936 πεντακοσίας

0 3982 102 4035 ἰάτι
127 3984 455 4054 πεντηκοσίας
502 3985 524 4047 ΙΙ
571 3987 620 4034 6.
658 3980 863 4052 στρατίη
888 3980 946 4034 R
992 3983 1015 4046 ΙΙ
1064 3982 1109 4031 8.
1148 3967 1431 4051 ἐμέμφιΑ,
1462 3978 1528 4048 ἐμ
1555 3979 1662 4048 μέμ
1704 3999 1719 4030 ι
1746 3981 1802 4033 R
1846 3982 1868 4046 ΙΙ
1882 3978 2223 4103 ἕαμμίνιτον

0 4051 15 4102 >
51 4053 72 4116 11
120 4055 196 4105 10.
235 4053 627 4124 διεπειρεᾶτοΙί
674 4053 696 4116 11
750 4052 826 4107 11.
867 4048 987 4102 τάδε
1014 4051 1076 4103 dz
1122 4051 1144 4114 ΙΙ
1194 4051 1276 4101 12.
1318 4049 1452 4106 &GR
1498 4051 1521 4114 ΙΙ
1568 4065 1655 4100 συν
1688 4049 1855 4119 πεμψε
1978 4051 2000 4112 ΙΙ
2054 4050 2131 4100 13.
2168 4048 2223 4101 δὲ

0 4137 66 4171 ¹m.
89 4123 124 4172 d
165 4123 187 4185 ΙΙ
237 4124 316 4174 14.
356 4121 603 4192 βασιλέως
630 4122 667 4174 d
710 4122 732 4186 ΙΙ
784 4121 862 4172 15.
894 4121 1147 4194 παρῆῖσαν
1174 4117 1333 4171 Reizt
1362 4117 1620 4188 παρήεσαν
1648 4120 1722 4183 R,
1750 4125 1982 4188 παρῆσαν
2007 4117 2173 4170 ceteri
2219 4132 2223 4182 fl

0 4189 109 4258 ῖαρὰ]
134 4191 260 4245 κατὰ
282 4210 311 4244 z
364 4194 388 4257 fl
446 4191 523 4242 16.
567 4191 764 4255 πάντες]
795 4189 1008 4260 πατέρες
1034 4189 1091 4241 R
1137 4191 1159 4254 ΙΙ
1208 4186 1475 4240 ἀνέκλαιον
1507 4186 1621 4240 01²2
1668 4190 1691 4252 ΙΙ
1742 4189 1957 4259 ὁρῶντες
1981 4187 2148 4240 ABR
2220 4191 2224 4244 ἱ

17 4308 49 4343 ι.
155 4261 382 4362 μῖᾸῖνιτος
405 4293 655 4365 προσιδὼν
681 4294 738 4347 R
794 4294 823 4358 11
894 4293 971 4343 18.
1014 4289 1458 4363 παρεξελθουσέων
1485 4291 1543 4343 R
1601 4292 1623 4355 ΙΙ
1686 4293 1766 4343 19.
1808 4290 2057 4360 ἐξέπεμπε
2081 4309 2135 4343 ez
2203 4289 2223 4355 1ἰ

0 4363 51 4411 Ν).
148 4363 329 4416 όντων·
357 4364 475 4422 τοὺς
500 4363 556 4416 δὲ
581 4361 708 4416 PR:
756 4363 778 4426 11
825 4359 1140 4429 δεδεμένους]
1173 4359 1469 4427 δεδεμένους
1495 4359 1622 4430 ἦγον
1650 4359 1784 4413 PRz
1829 4363 1851 4425 ΙΙ
1911 4361 1993 4410 21.
2035 4357 2220 4428 ἅγοντο

0 4429 122 4484 ΠΡάι
162 4435 183 4496 ΙΙ
229 4431 568 4502 μυτιληναίων
594 4433 755 4488 ,41312
788 4429 1130 4502 μιτυληναίων
1177 4431 1199 4494 n
1248 4431 1331 4481 25.
1373 4428 1651 4501 ἡγεόμενον
1676 4430 1748 4496 Β,
1778 4428 2049 4501 ἀγεόμενον
2075 4444 2135 4496 qz
