3059 5125
2323 311 2448 377 477

166 481 410 549 Suidas
453 481 828 550 Herodotea
870 505 990 549 sua
1046 483 1312 570 petiisse
1355 486 1613 549 videtur
1652 485 1911 550 lexicon
1955 486 2292 570 aliquanto
2334 484 2453 549 illo

165 596 411 661 exilius
475 596 608 660 fuit
670 608 864 683 atque
927 598 1316 662 testimoniis
1380 599 1640 682 parcius
1698 609 1997 662 ornatum
2012 646 2032 676 ,
2104 607 2170 662 et
2232 597 2451 682 ipsum

163 719 392 774 tamen
446 732 570 774 nec
626 711 836 774 bonae
889 709 1098 793 frugis
1156 731 1386 795 expers
1444 720 1511 774 et
1551 711 1824 776 fortasse
1868 732 1905 775 e
1947 688 2284 775 vetustiori
2326 710 2453 773 de·-

163 822 465 886 ductum.
538 844 617 886 eo
669 822 1027 886 rettulerim
1090 821 1271 887 velut
1325 818 1486 909 ἁφὰς
1542 818 1803 909 λύχνων.
1894 818 2220 909 Ἡρόδοτος
2261 823 2448 907 λέγει,

167 944 242 1000 et
295 934 451 998 huic
482 933 885 1004 ,continuam
941 930 1255 1021 ἀφάσσων.
1334 938 1658 1022 ψηλαφῶν.
1754 930 2114 1022 Ἡρόδοτος,
2173 934 2278 999 vel
2334 935 2452 998 has

170 1039 425 1133 διδαχή.
489 1041 626 1111 ἀντὶ
676 1052 782 1112 τοῖ’)
829 1047 1212 1112 διδασκαλία.
1292 1041 1618 1133 Ἡρόδοτος
1674 1042 1756 1133 γ’,
1814 1084 1903 1096 —-
1955 1042 2216 1134 χώματα
2273 1051 2445 1133 χοῦν.

149 1152 487 1245 <Ηρόδοίτος
532 1160 805 1245 ἱστοριῶν
853 1153 905 1245 β’
952 1155 1083 1224 ἀντὶ
1124 1163 1230 1224 τοῦ
1283 1163 1398 1244 γῆν
1443 1154 1628 1246 ὒψοῦν
1646 1209 1666 1238 ,
1711 1196 1803 1208 -
1855 1161 2216 1233 ἐξέπλωσας.
2253 1154 2453 1246 Ἡρό-

170 1272 378 1345 δοτος·
427 1275 556 1345 πῶς
600 1267 712 1336 οὐκ
752 1271 1091 1344 ἐξέπλωσας
1133 1275 1252 1335 τῶν
1296 1275 1531 1357 φρενῶν
1578 1268 1837 1336 σεωυτὸν
1880 1271 2268 1358 διαφθείρας;
2323 1268 2452 1336 ἀντὶ

165 1387 282 1449 τοῦ
346 1383 702 1456 ἐξέπλευσας
720 1434 742 1462 ,
808 1384 1074 1448 τουτέστι
1135 1378 1518 1470 παρετράπης
1583 1381 1688 1448 καὶ
1747 1377 2092 1457 ἐξώκειλας.
2204 1394 2456 1468 praeter

167 1495 339 1559 baec
377 1494 580 1578 igitur
622 1507 690 1560 et
731 1495 860 1559 alia
902 1494 1220 1559 eiusmodi
1250 1495 1518 1559 exhibet
1559 1496 1794 1561 Suidas
1823 1496 2029 1561 multa
2058 1496 2219 1564 adeo
2262 1495 2456 1558 simi-
2498 1518 2514 1533 ·

168 1606 268 1671 lia
333 1607 428 1671 eis
494 1628 660 1691 quae
724 1607 797 1671 in
840 1607 977 1672 ΑΒ
1019 1607 1329 1691 leguntur
1344 1657 1364 1686 ‚
1436 1618 1511 1672 ut
1576 1609 1753 1672 haud
1803 1608 2001 1672 dubie
2055 1608 2255 1672 altero
2307 1618 2454 1672 utro

173 1740 403 1783 eorum
452 1741 613 1784 usus
673 1741 812 1784 esse
869 1720 1184 1783 dicendus
1243 1720 1348 1784 sit.
1441 1741 1564 1784 nec
1609 1742 1685 1784 ea
1726 1742 1829 1784 res
1871 1720 2043 1804 fugit
2083 1720 2456 1786 Wesselin-

169 1831 398 1915 gium,
466 1831 580 1916 qui
636 1843 852 1898 tamen
904 1831 978 1894 in
1034 1852 1112 1895 eo
1170 1831 1414 1896 nimius
1469 1831 1600 1895 fuit
1651 1833 1825 1917 quod
1877 1842 2130 1916 praeter
2188 1832 2455 1897 Suidam

174 1944 377 2008 etiam
404 1943 813 2028 Hesychium
855 1966 930 2007 ac
957 1941 1302 2007 Timaeum
1343 1944 1474 2008 tale
1512 1939 1739 2016 λεξικόν
1756 1995 1778 2023 ,
1825 1954 1902 2008 ut
1930 1944 2023 2008 ait
2037 1994 2073 2022 ,.
2110 1965 2456 2029 usurpasse

173 2055 628 2120 arbitrabatur.
692 2077 816 2119 nec
857 2056 1035 2120 enim
1076 2056 1218 2141 ipse
1250 2055 1484 2121 Suidas
1530 2079 1608 2121 ea
1651 2078 1818 2141 quae
1860 2057 2059 2121 habet
2099 2078 2278 2121 nunc
2308 2077 2457 2120 cum

172 2168 306 2231 hoc
345 2167 659 2252 glossario
703 2168 1074 2233 communia
1133 2168 1412 2253 sumpsit
1464 2168 1620 2233 inde
1665 2169 1884 2234 omnia
1898 2217 1917 2247 ,
1978 2170 2091 2233 sed
2134 2191 2214 2234 ea
2255 2170 2457 2233 dum-

174 2290 363 2345 taxat
403 2280 641 2365 quibus
685 2303 930 2346 nomen
959 2273 1278 2345 Herodoti
1322 2280 1456 2345 fere
1487 2280 1848 2367 adscripsit,
1898 2281 2061 2346 falso
2107 2302 2300 2366 saepe
2342 2291 2459 2346 aut

171 2414 518 2477 perverse,
594 2393 838 2478 quippe
901 2394 1210 2477 deceptus
1276 2393 1490 2466 λέξεων
1545 2389 1945 2481 Ἡροὸοτείων
2008 2393 2454 2488 inscriptione,

174 2504 432 2589 reliqua
470 2505 738 2570 nomine
780 2505 1059 2571 auctoris
1103 2506 1283 2571 nuda
1325 2527 1407 2571 ex
1461 2506 1591 2570 alio
1636 2506 1855 2592 aliquo
1896 2505 2106 2572 lexico
2150 2506 2222 2570 in
2266 2527 2457 2571 suum

175 2617 515 2682 transtulit
565 2640 769 2703 aeque
826 2614 900 2682 ac
941 2617 1149 2682 multa
1193 2616 1322 2682 alia
1363 2640 1529 2704 quae
1574 2641 1708 2684 non
1748 2630 1903 2684 sunt
1945 2618 2018 2683 in
2055 2619 2452 2684 Herodote0.

177 2730 348 2815 quin
403 2730 599 2795 etiam
654 2741 754 2795 est
792 2730 925 2794 >ubi
969 2731 1102 2795 duo
1143 2730 1308 2796 haec
1347 2752 1591 2816 genera
1646 2741 1761 2795 aut
1803 2732 1876 2795 in
1918 2752 2126 2797 unum
2172 2732 2460 2796 confim-

178 2844 300 2907 dat
311 2890 335 2923 ,
382 2842 566 2907 velut
606 2862 774 2928 quae
818 2863 1015 2928 supra
1056 2844 1138 2907 de
1183 2838 1440 2928 αἱμασιά
1483 2844 1827 2929 descripsi,
1877 2855 1991 2908 aut
2033 2845 2219 2908 iuxta
2248 2844 2461 2929 adpo-

177 2966 301 3019 nat
350 2977 426 3019 ac
481 2955 845 3039 separatim.
938 2950 1186 3043 κνάφος.
1258 2947 1514 3042 ὄργανόν
1580 2981 1638 3022 τι
1687 2957 1753 3021 ἐν
1809 2951 2015 3044 κύκλῳ
2057 2957 2275 3042 κέντρα
2317 2955 2460 3043 ἔχον

181 3063 263 3131 δι’
340 3059 414 3132 οὗ
466 3063 602 3140 τοὺς
662 3067 1168 3154 βασανιζομένους
1225 3066 1556 3148 κτείνουσι,
1625 3061 1833 3152 ὅμοιον
1888 3069 1956 3133 δέ
2016 3064 2143 3134 ἐστι
2185 3073 2462 3156 κναφικῷ

179 3178 379 3259 κτενί,
429 3201 596 3263 quae
639 3190 907 3265 perapta
950 3192 1106 3244 sunt
1145 3179 1290 3244 loco
1333 3181 1706 3267 Herodoteo
1764 3177 1820 3244 A
1867 3187 1949 3244 92
2010 3178 2107 3245 ἐπὶ
2162 3181 2463 3268 κναφηίου

178 3293 380 3357 ἕλκων
436 3302 503 3356 et
556 3292 963 3356 emendando
1019 3301 1085 3356 et
1139 3291 1563 3376 explicando:
1625 3291 1801 3356 idem
1859 3293 2165 3377 deinceps
2184 3342 2203 3370 ,
2274 3293 2467 3359 sicuti

182 3413 291 3469 est
328 3403 402 3467 in
445 3403 794 3487 glossario,
843 3398 1091 3490 κνάφος.
1164 3400 1331 3491 παρὰ
1361 3399 1675 3491 Ἡροδότῳ
1720 3397 1963 3470 ἄκανθα
2006 3406 2266 3470 ἕλκουσα
2314 3400 2465 3490 ἱμά-

179 3539 310 3582 τια.
381 3515 486 3579 vel
549 3510 801 3601 ἡβηδόν.
876 3511 980 3580 σὺν
1047 3510 1213 3603 πάσῃ
1271 3512 1480 3602 ἡλικίᾳ
1537 3527 1709 3585 recta
1764 3526 1862 3581 est
1924 3515 2051 3580 loci
2109 3517 2467 3581 Herodotei

181 3627 244 3694 A
284 3634 412 3710 172,
448 3622 714 3710 ἐνδόντες
756 3624 834 3693 τὰ
875 3620 1035 3693 ὅπλα
1080 3622 1336 3702 ἅπαντες
1380 3624 1641 3694 Καύνιοι
1682 3623 1913 3715 ἡβηδόν
1956 3627 2062 3692 vel
2107 3628 2156 3694 Z
2191 3635 2264 3691 21
2298 3624 2466 3694 πάν*

179 3766 296 3814 τες·
324 3734 570 3826 ἡβηδὸν.
601 3736 991 3827 ἀπεκείραντο
1041 3736 1149 3817 τὰς
1207 3736 1480 3828 κεφαλάς
1525 3740 1869 3826 explicatio
1887 3786 1908 3819 ‚
1965 3740 2202 3825 quibus
2246 3752 2466 3805 tamen

184 3851 531 3937 continuat
584 3851 699 3916 illa
713 3901 735 3931 ,
797 3853 972 3935 quod
1028 3853 1110 3916 ad
1161 3854 1576 3917 Herodotum
1616 3854 1964 3918 trahuntur
1981 3896 2001 3930 ,
2063 3852 2469 3937 ineptissima

181 3960 355 4051 παρὰ
400 3962 469 4029 δὲ
497 3959 814 4051 Ἡροδότῳ
857 3960 986 4030 ἀντὶ
1027 3969 1134 4029 τοῦ
1180 3961 1306 4049 μετ’
1355 3960 1692 4052 αἰσχύνης,
1759 3962 1884 4051 μετ’
1940 3962 2291 4038 ἀκολασίας.
2361 3965 2469 4033 in-

183 4076 408 4161 signia
448 4086 667 4140 autem
708 4075 1007 4160 inprimis
1053 4076 1352 4160 exempla
1389 4088 1462 4141 *et
1503 4078 1882 4142 oscitantiae
1936 4077 2077 4143 eius
2123 4077 2236 4161 qui
2280 4076 2468 4141 initio

182 4172 435 4274 glossas
480 4187 856 4272 compilavit
901 4198 966 4252 et
1010 4188 1123 4272 qui
1168 4189 1250 4252 ab
1304 4188 1420 4252 illo
1466 4211 1690 4254 rursus
1736 4191 1983 4274 accepit
2027 4189 2266 4254 Suidae
2310 4168 2473 4252 haec*

182 4311 365 4365 sunt.
457 4299 760 4367 vocabuli
804 4295 1057 4388 στρόφος
1101 4301 1173 4364 in
1215 4301 1426 4365 lexico
1471 4302 1694 4366 nescio
1725 4304 1913 4369 cuius
1957 4302 2276 4366 rhetorico
2306 4299 2468 4364 varii

180 4434 416 4479 sensus
472 4412 750 4496 expositi
787 4423 1001 4478 ‚erant
1013 4460 1033 4490 ,
1103 4414 1218 4477 sed
1281 4414 1337 4477 is
1402 4414 1585 4477 locus
1640 4415 1893 4497 pridem
1960 4413 2465 4479 describentium
