3059 5125
1185 330 1563 393 -1—
2383 332 2509 396 363

240 503 814 598 πεντακισχιλίους
840 502 1320 600 Σπαρτιητέων
1359 508 1470 574 καὶ
1509 502 1677 576 ἑπτὰ
1708 507 1862 602 περὶ
1898 504 2172 577 ἕκαστον
2200 504 2509 585 τάξαντες

241 630 372 692 τῶν
420 622 719 694 εἰλώτων
740 679 758 708 ,
814 619 1164 719 Παυσανίῃ
1205 626 1301 718 τῷ
1354 619 1835 723 Κλεομβρότου
1880 623 2301 703 ἐπιτάξαντες
2350 623 2505 702 ἐξά-

240 766 398 835 γειν.
494 739 757 837 ἐγένετο
817 738 938 833 μὲν
986 741 1033 837 ἡ
1075 742 1402 840 ἡγεμονίη
1449 740 1915 840 Πλειστάρχου
1948 747 2079 813 τοῦ·
2105 740 2500 814 Λεωνίδεω·

241 850 392 930 ἀλλ’
438 859 474 929 ό
513 858 636 952 μὲν
674 861 760 957 ἧν
795 857 895 930 ἔτι
927 865 1107 947 παῖς,
1148 861 1182 931 ό
1209 859 1287 932 δὲ
1317 862 1555 932 τούτου
1583 859 1937 960 ἐπίτροπός
1964 888 2035 934 τε
2070 864 2177 933 καὶ
2214 859 2500 958 ἀνεψιός.

178 1001 206 1047 5
244 976 720 1078 Κλεόμβροτος
767 979 892 1078 γὰρ
937 979 972 1048 ό
1012 977 1407 1052 Παυσανίεω
1451 980 1570 1073 μὲν
1606 984 1829 1078 πατὴρ
1855 967 2395 1078 Ἀναξανδρίδεω
2432 979 2508 1051 δὲ

238 1099 396 1177 παῖς
431 1096 651 1170 οὐκέτι
677 1105 937 1196 περιῆν,
977 1087 1127 1169 ἀλλ’
1170 1095 1539 1196 ἀπαγαγὼν
1579 1100 1655 1172 ἐκ
1689 1094 2105 1192 τοῦἸσθμοῦ
2140 1105 2263 1197 τὴν
2300 1125 2503 1196 στρα-

239 1220 383 1313 τιὴν
431 1220 552 1313 τὴν
600 1219 676 1287 τὸ
727 1219 953 1312 τεῖχος
1006 1217 1331 1310 δείμασαν
1392 1217 1562 1311 μετὰ
1610 1223 1819 1290 ταῦτα
1854 1217 1936 1288 οὐ
1970 1219 2221 1291 πολλὸν
2257 1222 2502 1315 χρόνον

238 1336 383 1408 τινὰ
426 1335 613 1434 βιοὺς
665 1332 991 1407 ἀπέθανε·
1065 1332 1288 1435 ἀπῆγε
1337 1335 1414 1407 δὲ
1470 1340 1594 1435 τὴν
1642 1341 1957 1435 στρατιὴν
2014 1339 2050 1408 ὁ
2101 1334 2501 1437 Κλεόμβρο-

237 1482 350 1535 τος
380 1454 454 1526 ἐκ
490 1460 610 1526 τοῦ
637 1447 924 1548 Ἰσθμοῦ
978 1455 1088 1527 διὰ
1132 1457 1324 1528 τόδε·
1397 1455 1718 1551 θυομένῳ
1774 1458 1839 1528 οί
1888 1456 1999 1529 ἐπὶ
2052 1459 2155 1551 τῷ
2195 1455 2427 1553 Πέρσῃ
2468 1457 2503 1526 ὁ

144 1573 430 1671 ιιι-ἥλιος
483 1571 862 1670 ἀμαυρώθη
921 1574 989 1645 έν
1042 1576 1142 1670 τῷ
1212 1574 1498 1673 οὐρανῷ.
1608 1576 2079 1673 προσαιρέεται
2135 1574 2209 1648 δὲ
2276 1576 2511 1670 ἑωυτῷ

243 1691 630 1790 Παυσανίης
669 1689 1100 1790 Εὐρυάνακτα
1136 1697 1249 1765 τὸν
1290 1692 1609 1790 Δωριέος,
1656 1692 1869 1792 ἄνδρα
1903 1695 2120 1792 οἰκίης
2155 1694 2348 1767 ἐόντα
2383 1703 2506 1793 τῆς

237 1812 465 1910 αὐτῆς.
522 1813 586 1882 οί
622 1811 744 1903 μὲν
785 1812 871 1908 δὴ
906 1814 1026 1883 σὺν
1061 1811 1409 1910 Παυσανίῃ
1449 1812 1944 1910 ἐξεληλύθεσαν
1985 1810 2118 1893 ἔξω
2147 1812 2497 1910 Σπάρτης·
2542 1820 2611 1878 11

238 1933 299 2003 οἱ
356 1928 431 2000 δὲ
468 1928 774 2023 ἄγγελοι,
829 1934 925 2011 ὡς
974 1930 1203 2030 ἡμέρη
1244 1930 1583 2026 ἐγεγόνεε,
1639 1930 1835 2004 οὐδὲν
1887 1933 2136 2012 εἰδότες
2179 1936 2332 2030 περὶ
2382 1941 2505 2032 τῆς

236 2039 465 2130 ἐξόδου
503 2048 802 2147 ἐπῆλθον
844 2050 953 2121 ἐπὶ
987 2051 1144 2129 τοὺς
1180 2049 1499 2146 ἐφόρους,
1553 2050 1621 2121 ἐν
1670 2055 1808 2146 νόῳ
1845 2051 1931 2146 δὴ
1969 2049 2245 2147 ἔχοντες
2279 2048 2501 2123 ἀπαλ-

143 2191 200 2240 15
236 2166 602 2240 λάσσεσθαι
654 2169 761 2238 καὶ
807 2169 998 2242 αὐτοὶ
1053 2168 1166 2241 ἐπὶ
1217 2171 1342 2266 τὴν
1397 2167 1655 2242 ἑωυτοῦ
1705 2168 2017 2249 ἕκαστος·
2100 2168 2503 2248 ἐπελθόντες

238 2284 311 2358 δὲ
363 2285 596 2382 ἔλεγον
649 2286 829 2359 τάδε.
925 2273 961 2301 “
979 2286 1171 2380 ὑμεῖς
1225 2295 1344 2379 μὲν
1399 2286 1459 2356 ὦ
1511 2285 2023 2381 Λακεδαιμόνιοι
2086 2287 2293 2360 αὐτοῦ
2338 2288 2503 2384 τῇδε

238 2404 548 2498 μένοντες
575 2392 928 2477 (Υακίνθιά
962 2432 1035 2478 τε
1071 2404 1264 2502 ἄγετε
1301 2408 1408 2476 καὶ
1443 2407 1740 2494 παίζετε,
1781 2408 2315 2505 καταπροδόντες
2347 2407 2505 2485 τοὺς

236 2523 660 2620 συμμάχους·
731 2512 1094 2623 Ἀθηναῖοι
1147 2523 1224 2597 δὲ
1265 2528 1363 2606 ὡς
1413 2522 1828 2619 ἀδικεόμενοι
1874 2525 2000 2597 ὑπὸ
2040 2525 2265 2620 ὑμέων
2302 2525 2505 2622 χήτεΐ

35 2739 50 2750 ⁶
235 2670 305 2714 τε
340 2642 714 2738 συμμάχων
767 2643 1252 2716 καταλύσονται
1301 2645 1401 2739 τῷ
1431 2642 1664 2742 Πέρση
1706 2643 1884 2717 οὕτω
1921 2646 2095 2724 ὅκως
2128 2643 2210 2717 ἂν
2247 2647 2500 2716 δύνων-

130 2785 197 2834 2⁰
235 2786 373 2835 ται·
413 2760 976 2861 ,καταλυσάμενοι
1026 2762 1137 2850 δέ,
1196 2762 1374 2863 δῆλα
1426 2763 1555 2860 γὰρ
1623 2761 1723 2834 ὅτι
1785 2765 2129 2858 σύμμαχοι
2189 2762 2503 2861 βασιλέος

233 2879 595 2978 γινόμεθα,
652 2880 1282 2977 συστρατευσόμεθα
1337 2872 1447 2954 ἐπ’
1504 2883 1589 2980 ἢν
1639 2879 1721 2954 ἂν
1773 2880 2012 2954 ἐκεῖνοι
2065 2881 2495 2979 ἐξηγέωνται.

236 3000 422 3093 ὑμεῖς
456 2997 531 3071 δὲ
566 3000 640 3070 τὸ
678 2999 981 3073 ἐνθεῦτεν
1035 2998 1436 3097 μαθήσεσθε
1484 3001 1705 3071 ὁκοῖον
1743 2999 1824 3071 ἄν
1875 3022 1938 3071 τι
1990 2999 2140 3092 ὑμῖν
2188 2998 2257 3078 ἐξ
2293 2997 2498 3069 αὐτοῦ

234 3108 569 3218 έκβαίνῃ.”
669 3124 879 3190 ταῦτα
929 3118 1259 3214 λεγόντων
1311 3126 1444 3189 τῶν
1497 3115 1801 3215 ἀγγέλων
1822 3177 1841 3207 ,
1900 3120 1963 3190 οί
2019 3118 2252 3216 ἔφοροι
2306 3116 2496 3189 εἶπαν

233 3231 339 3309 ἐπ’
406 3238 604 3335 ὅρκου
650 3239 757 3307 καὶ
805 3236 894 3335 δὴ
942 3235 1193 3308 δοκέειν
1245 3235 1415 3309 εἶναι
1460 3238 1530 3311 έν
1562 3232 1935 3335 Ὀρεσθείῳ
1971 3242 2355 3335 στείχοντας
2389 3236 2499 3309 ἐπὶ

123 3382 192 3432 25
231 3358 387 3435 τοὺς
437 3355 724 3437 ξείνους·
813 3346 1062 3436 ξείνους
1116 3353 1239 3453 γὰρ
1299 3353 1573 3429 έκάλεον
1621 3359 1777 3438 τοὺς
1821 3356 2217 3458 βαρβάρους.
2311 3359 2372 3427 οἱ
2427 3353 2501 3427 δὲ

441 3627 460 3675 1
493 3643 572 3695 sq.
613 3624 939 3705 Plutgarchus
974 3641 1109 3704 mor:
1151 3641 1204 3694 p.
1236 3627 1351 3675 871.
1391 3623 1634 3685 (Aristid.
1673 3626 1773 3689 10).
1838 3654 1903 3663 -—
1953 3628 2038 3679 25.
2079 3625 2400 3679 Eustathius
2428 3625 2490 3678 ΙΙ.

333 3713 385 3765 p.
418 3696 534 3745 423.
598 3693 817 3747 Servum
842 3692 912 3746 ad
937 3693 1165 3747 Aeneld.
1199 3692 1277 3747 lv
1303 3695 1401 3744 424

339 3849 382 3899 1.
425 3848 845 3920 πεντακισχιλίων
874 3847 926 3898 R
967 3851 988 3911 ΙΙ
1042 3849 1129 3899 καὶ
1155 3878 1183 3887 -
1209 3849 1239 3897 2
1265 3846 1489 3899 εἰλώτων
1517 3864 1622 3899 om.
1658 3849 1728 3900 R.
1770 3850 2116 3918 expungebat
2138 3848 2450 3919 wesseling
2482 3849 2503 3916 11

230 3923 279 3969 2.
323 3916 672 3986 ἐπιτρέψαντες
699 3919 756 3969 R
801 3920 824 3982 11
872 3918 920 3967 3.
950 3916 1138 3986 ἐγίνετο
1166 3915 1272 3969 PR
1306 3918 1328 3980 11
1365 3918 1456 3985 μέν
1479 3935 1567 3968 νυν
1656 3916 1708 3968 R
1752 3919 1774 3980 ΙΙ
1821 3923 1868 3969 4.
1900 3917 2101 3988 ἀνεψιὸς
2124 3918 2465 3988 κλεόμβροτος
2486 3935 2496 3945 ·

226 3985 573 4054 κλεόμβροτος
597 3984 772 4056 γὰρΙῖ
829 3987 851 4050 11
910 3988 959 4037 5.
1000 3985 1166 4054 πατὴρ
1193 4002 1299 4037 om.
1328 3988 1359 4040 b
1417 3988 1439 4049 11
1498 3989 1547 4036 6.
1590 3984 1624 4036 ά
1691 3985 1806 4038 ἅδε
1865 3988 1887 4051 ΙΙ
1946 3989 1993 4037 7.
2033 3989 2127 4055 τὴν
2151 3989 2224 4051 τὸ]
2253 3990 2310 4042 τὸ
2339 3987 2437 4039 GR
2480 3988 2500 4055 11

226 4053 420 4107 πολλόν
440 4072 551 4106 τινα
572 4054 756 4125 χρόνον
783 4055 842 4107 R
911 4057 933 4118 ΙΙ
1013 4055 1090 4104 10.
1133 4053 1451 4123 προσερέεται
1479 4055 1535 4109 R
1592 4057 1617 4119 11
1679 4055 1755 4105 11.
1800 4054 1828 4106 ό
1852 4056 2131 4126 παυσανίης
2159 4057 2213 4108 R
2271 4059 2294 4122 11
2354 4055 2499 4109 ἐόντα

226 4122 393 4192 οἰκίης
430 4123 460 4175 b
529 4125 551 4188 11
626 4125 702 4173 12.
747 4118 1124 4192 ἐξεληλύθησαν
1169 4122 1238 4175 Cz
1306 4125 1329 4187 11
1405 4124 1482 4174 13.
1526 4120 1713 4180 ἰδόντες
1758 4122 1804 4173 C
1880 4126 1903 4189 11
1991 4126 2071 4176 15.
2112 4125 2196 4177 ἐπὶ
2230 4133 2323 4195 τῆς
2362 4124 2438 4177 Pa
2482 4124 2503 4191 11

232 4194 309 4243 18.
351 4191 580 4262 χήτεῑκε
618 4191 1007 4263 χήτειΑΒ-Ηδ,
1040 4192 1160 4263 χήτι
1192 4191 1290 4244 GP
1340 4193 1363 4256 ΙΙ
1427 4193 1505 4241 19.
1559 4209 1614 4242 τε
1640 4208 1745 4243 om.
1780 4192 1835 4244 R
1892 4195 1915 4258 11
1962 4191 2121 4250 οὕτως
2148 4194 2287 4247 ABb
2336 4197 2358 4259 11
2408 4192 2499 4245 δό-

222 4278 401 4313 νανται
425 4263 454 4312 ἱ)
525 4262 548 4326 11
619 4264 703 4311 20.
773 4258 979 4331 ὰρ1γὰρ
1006 4260 1070 4330 δὴ
1097 4279 1123 4311 z
1193 4263 1216 4325 11
1285 4258 1526 4330 βασιλῆος
1552 4277 1579 4313 z
1626 4263 1647 4324 11
1696 4262 1779 4310 21.
1818 4260 2072 4331 γενόμεθα
2100 4262 2196 4316 GR
2244 4264 2265 4328 11
2322 4264 2406 4317 ἐπὶ
2431 4262 2495 4313 ’ἲν

227 4328 437 4393 ΑΒΟῘ),
470 4328 672 4397 ἐπὶτὴν
742 4280 845 4391 kz,
874 4336 939 4403 τῆ
965 4348 992 4381 ε
1037 4330 1060 4395 11
1108 4328 1394 4399 ἐξηγέονται
1421 4332 1473 4383 Β
1531 4332 1554 4394 11
1614 4332 1697 4380 122.
1738 4328 1920 4398 ἡμῖνῦ
1979 4332 2001 4394 11
2061 4333 2144 4382 23.
2187 4330 2406 4401 ἐκβαίνει
2476 4367 2491 4391 ,

225 4397 409 4468 ἐκβαίη
439 4400 495 4452 R
541 4401 564 4464 11
608 4403 766 4450 ταῦτα
791 4396 847 4451 δὲ
869 4397 925 4449 R
978 4400 1001 4463 11
1058 4406 1158 4451 τῶν
1185 4415 1288 4451 om.
1320 4399 1394 4452 ΑΙ
1456 4401 1479 4463 11
1535 4401 1620 4452 24.
1661 4398 1881 4469 ἐφόριοι)
1903 4401 2018 4453 ,ΑΒ
2076 4402 2098 4465 11
2157 4400 2393 4471 ὀρεστείιρ
2417 4403 2492 4463 bz‚

227 4467 437 4537 ὀρεστῖω
467 4466 520 4521 R
566 4469 589 4533 11
636 4466 897 4537 στίχοντας
928 4467 979 4520 R
1024 4468 1048 4533 11
1097 4468 1178 4518 25.
1221 4465 1437 4520 ἐκάλουν
1466 4467 1520 4521 R
1568 4470 1590 4531 11
1638 4467 1687 4521 ot
1712 4467 1767 4520 δὲ
1792 4486 1900 4522 om.
1937 4469 1985 4523 0
