3059 5125
595 365 760 410 XLIV
1594 344 1882 399 Praefatio.

597 521 895 615 quidem
931 520 1157 593 altero
1206 530 1373 615 post
1409 522 1787 594 Christum
1837 519 2129 594 saeculo
2176 521 2358 617 legit
2403 518 2861 614 incolumem)

597 647 650 721 Γ
693 651 817 722 89.
862 646 920 720 E
961 652 1095 723 52:
1140 661 1272 723 aut
1306 652 1601 723 testium
1639 643 1782 724 fide
1821 650 2249 746 aperiuntur
2283 650 2651 746 simulque
2687 651 2867 723 inte-

594 787 925 874 grantur,
975 788 1061 852 ut
1110 779 1173 851 B
1218 781 1382 852 158.
1442 780 1481 851 Ι
1519 781 1645 867 93,
1698 779 1814 853 vel
1859 789 2053 853 certe
2103 779 2486 854 credibiles
2520 782 2741 866 fiunt,
2790 789 2867 851 ut

594 910 668 980 A
707 909 828 981 96.
886 908 949 979 Β
996 910 1117 981 65.
1183 904 1238 978 Δ
1283 909 1449 982 162.
1568 909 2169 1004 transpositorum
2230 920 2478 982 autem
2528 933 2865 985 versuum

594 1038 844 1111 videor
891 1037 1077 1109 mihi
1113 1046 1399 1133 praeter
1435 1034 1490 1108 Δ
1537 1039 1706 1125 106,
1758 1044 1956 1133 quod
1996 1041 2178 1114 vidit
2218 1035 2676 1132 wesseling,
2729 1037 2865 1106 duo

595 1165 748 1239 alia
790 1167 1354 1261 deprehendisse
1403 1166 1748 1262 exempla
1792 1163 1852 1238 E
1897 1168 2015 1239 52.
2074 1163 2124 1240 Θ
2172 1168 2339 1240 137.
2457 1192 2632 1239 nam
2682 1165 2869 1261 quod

595 1299 944 1391 putabam
981 1296 1156 1369 olim
1194 1299 1266 1369 A
1310 1297 1451 1370 196
1507 1296 1933 1370 traiectione
1979 1297 2199 1369 unius
2236 1321 2485 1372 versus
2533 1294 2867 1369 interitu-

596 1449 739 1519 que
791 1425 1090 1498 alterius
1140 1428 1517 1498 turbatum
1536 1481 1555 1513 ,
1615 1450 1817 1498 nunc
1850 1426 2190 1520 perspexi
2238 1421 2865 1521 interpretamenti

597 1553 1032 1649 expulsione
1065 1552 1355 1627 facilius
1391 1555 1747 1651 expediri.

799 1684 865 1755 E
891 1682 1195 1780 reliquis
1230 1693 1478 1759 autem
1514 1687 1946 1758 mendorum
1989 1687 2381 1781 generibus
2430 1683 2722 1757 nullum
2766 1691 2867 1755 est

593 1821 725 1884 aut
756 1811 979 1886 latius
1015 1813 1362 1886 diffusum
1399 1823 1529 1886 aut
1563 1813 1942 1888 difficilius
1970 1816 2063 1886 ad
2090 1815 2626 1910 persanandum
2653 1836 2865 1909 quam

596 1968 741 2038 quo
791 1943 1038 2016 ionica
1084 1945 1436 2016 sermonis
1483 1942 1721 2017 forma
1782 1969 1829 2016 a
1887 1945 2144 2017 nativa
2190 1945 2433 2039 specie
2483 1968 2569 2017 ac
2617 1966 2869 2016 norma

596 2073 1084 2168 degeneravit.
1174 2073 1302 2146 sed
1337 2075 1400 2147 is
1434 2071 1637 2146 locus
1673 2097 1841 2147 cum
1879 2075 2381 2170 gravissimam
2415 2074 2641 2146 huius
2677 2073 2867 2168 quod
3008 2155 3014 2160 ,

594 2203 1046 2297 suscepimus
1080 2203 1360 2298 negotii
1397 2204 1771 2275 contineat
1804 2213 2086 2299 partem
2105 2260 2123 2291 ,
2174 2204 2568 2298 separatim
2617 2213 2693 2276 et
2741 2200 2867 2273 ali-

596 2341 869 2426 quanto
905 2330 1344 2427 explicatius
1379 2333 1799 2405 tractandus
1834 2343 1965 2406 est.

799 2848 1119 2924 Dialecti
1156 2851 1378 2938 enim,
1419 2875 1641 2948 quam
1674 2853 2057 2926 nominare
2097 2853 2608 2926 consuevimus
2635 2852 2865 2924 Hero-

596 2982 908 3066 doteam‚
960 2981 1097 3052 etsi
1148 2988 1315 3074 post
1346 2981 1714 3054 Dindorfii
1760 2983 2229 3078 maximeque
2279 2982 2626 3055 Bredovii
2678 3005 2863 3054 com-

595 3109 1078 3182 mentationes
1140 3107 1411 3182 laboris
1472 3108 1903 3207 fructusque
1964 3109 2425 3207 plenissimas
2487 3135 2625 3184 nec
2690 3132 2864 3206 opus

591 3264 728 3313 nec
773 3262 1034 3333 operae
1083 3236 1235 3312 fere
1287 3240 1577 3312 videtur
1625 3249 1852 3314 totam
1898 3242 2280 3314 materiam
2329 3243 2575 3315 denuo
2608 3263 2864 3336 expro-

593 3393 788 3442 mere
879 3377 954 3441 et
1034 3392 1459 3463 percensere
1545 3393 1983 3466 omnemque
2056 3371 2416 3444 rationem
2492 3369 2862 3444 enucleate

592 3497 994 3592 disceptare
1013 3553 1032 3585 ‚
1081 3499 1403 3572 breviter
1451 3508 1697 3573 tamen
1746 3524 1830 3572 ac
1879 3502 2302 3575 summatim
2351 3503 2863 3597 exponendum

591 3651 744 3700 esse
804 3625 1154 3724 intellego
1214 3637 1292 3702 et
1352 3625 1917 3717 defendendum,
1981 3654 2171 3725 quae
2229 3630 2311 3703 in
2361 3631 2866 3704 constituenda

592 3757 1191 3854 emendandaque
1227 3755 1346 3830 vel
1381 3759 1869 3832 communiter
1907 3782 2076 3831 cum
2126 3758 2277 3832 illis
2314 3758 2431 3832 vel
2480 3760 2859 3856 separatim

590 3910 788 3958 nunc
850 3897 1141 3960 secutus
1203 3887 1363 3960 sim.
1483 3912 1674 3983 quae
1735 3888 2141 3983 disputatio
2203 3914 2373 3962 cum
2433 3888 2862 3985 explicanda

592 4016 1002 4112 Archetypi
1052 4014 1298 4090 indole
1349 4018 1948 4091 coniunctissima
1994 4027 2125 4092 est.
2253 4043 2426 4092 nam
2476 4043 2645 4092 cum
2697 4028 2858 4091 ante

588 4146 724 4217 hos
775 4142 927 4218 fere
978 4145 1399 4239 quindecim
1465 4171 1694 4218 annos
1742 4147 2059 4241 primum
2124 4149 2401 4245 agitare
2467 4148 2858 4243 coepissem

589 4275 853 4347 edendi
882 4273 1242 4347 Herodoti
1277 4274 1688 4361 consilium,
1724 4275 1931 4349 nolui
1970 4301 2223 4351 eorum
2248 4278 2522 4352 imitari
2559 4279 2857 4352 inertem

587 4403 1047 4498 patientiam,
1100 4404 1228 4499 qui
1277 4401 1711 4479 tralaticiam
1761 4405 1978 4479 istam
2028 4408 2202 4482 inde
2252 4411 2344 4481 ab
2391 4407 2587 4482 Aldo
2636 4408 2861 4483 varie-

589 4541 815 4606 tatem
860 4534 1211 4607 sermonis
1259 4559 1409 4607 non
1458 4538 1813 4611 auderent
1860 4533 2017 4610 ulla
2060 4538 2143 4610 in
2191 4547 2397 4637 parte
2435 4547 2856 4639 attemptare
