3059 5125
1086 356 1471 416 -Δ-
2298 359 2427 419 405

181 532 476 623 ποταμόν,
517 529 555 599 ὁ
592 527 666 602 δὲ
698 525 1165 608 Κοντάδεσδος
1199 528 1270 611 ές
1305 531 1416 601 τὸν
1446 518 1838 629 Ἀγριάνην,
1881 529 1917 600 ὁ
1955 529 2030 601 δὲ
2056 523 2429 630 Ἀγριάνης

182 650 247 732 ές
279 651 378 720 τὸν
400 645 675 751 σΕβρον,
732 648 768 720 ό
807 648 881 720 δὲ
921 647 989 729 ές
1023 647 1374 723 θάλασσαν
1422 652 1545 749 την
1594 636 1762 749 παρ’
1809 645 1997 747 Αἴνῳ
2046 648 2225 722 πόλι.
2317 650 2520 723 ἑπὶ91

179 776 391 842 τοῦτον
440 768 530 840 ὧν
578 772 693 842 τὸν
751 770 1056 863 ποταμὸν
1110 765 1517 865 ἀπικόμενος
1555 769 1590 842 ὁ
1627 767 1908 870 Δαρεῖος
1956 770 2052 850 ὡς
2100 768 2424 869 ἐστρατο-

178 890 543 972 πεδεύσατο,
595 888 835 988 ἡσθεὶς
883 891 985 986 τῷ
1026 891 1318 986 ποταμῷ
1364 888 1628 989 στήλην
1668 887 1918 987 ἔστησε
1966 890 2073 960 καὶ
2109 886 2419 973 ἐνθαῦτα,

119 1030 147 1077 5
177 1009 517 1109 γράμματα
554 1009 896 1108 ἐγγράψας
933 1008 1213 1105 λέγοντα
1248 1008 1429 1081 τάδε.
1513 995 1828 1106 “Τεάρου
1861 1013 2172 1103 ποταμοῦ
2216 1033 2423 1106 κεφα-

177 1130 277 1200 λαὶ
312 1128 478 1228 ὕδωρ
515 1128 783 1228 ἄριστόν
819 1154 894 1201 τε
933 1130 1041 1200 καὶ
1078 1126 1434 1200 κάλλιστον
1467 1128 1879 1227 παρέχονται
1909 1124 2177 1200 πάντων
2212 1153 2423 1202 ποτα-

178 1258 345 1344 μῶν·
373 1224 383 1251 ‘
414 1253 518 1322 καὶ
567 1243 679 1322 ἐπ’
743 1247 952 1330 αὐτὰς
1006 1246 1279 1320 ἀπίκετο
1334 1248 1638 1321 ἐλαύνων
1696 1246 1807 1320 ἐπὶ
1843 1246 2108 1329 Σκύθας
2144 1251 2422 1348 στρατὸν

174 1368 331 1468 ἀνὴρ
367 1368 625 1469 ἄριστός
658 1395 732 1441 τε
769 1371 876 1441 καὶ
913 1368 1267 1448 κάλλιστος
1301 1368 1574 1440 πάντων
1610 1364 2013 1466 ἀνθρώπων,
2070 1364 2352 1468 Δαρεῖος
2389 1369 2424 1439 ό

165 1476 577 1574 Ὑστάσπεος,
621 1488 942 1590 Περσέων
992 1514 1066 1561 τε
1122 1489 1232 1559 καὶ
1279 1488 1509 1587 πάσης
1545 1496 1668 1589 τῆς
1703 1487 1988 1586 ἠπείρου
2025 1478 2413 1589 βασιλεύς.”

96 1628 144 1677 ιο
173 1615 361 1682 ταῦτα
398 1609 469 1681 δὲ
504 1608 801 1682 ἐνθαῦτα
836 1608 1128 1707 ἐγράφη.

312 1727 584 1828 Δαρεῖος
619 1725 694 1799 δὲ
729 1725 1036 1800 ἐνθεῦτεν
1088 1727 1416 1827 ὁρμηθεὶς
1463 1724 1737 1800 ἀπίκετο
1792 1714 1903 1800 ἐπ’
1950 1724 2156 1800 ἄλλον
2207 1754 2420 1801 ποτα-
2448 1739 2531 1800 92

175 1853 282 1944 μὸν
328 1852 426 1946 τῷ
460 1846 720 1941 οὔνομα
757 1837 1139 1947 Ἀρτησκός
1175 1847 1336 1931 ἐστι,
1389 1848 1464 1929 δς
1500 1847 1611 1920 διὰ
1637 1835 2023 1946 Ὀδρυσέων
2066 1846 2221 1946 ῥέει.
2314 1848 2425 1921 ἐπὶ

171 1975 384 2041 τοῦτον
433 1970 515 2066 δὴ
567 1970 679 2039 τὸν
730 1971 1035 2062 ποταμὸν
1094 1963 1494 2063 ἀπικόμενος
1543 1966 1825 2065 ἐποίησε
1872 1966 2152 2039 τοιόνδε.
2247 1964 2418 2041 ἀπο-

173 2089 349 2170 δέξας
400 2092 649 2186 χωρίον
709 2079 794 2186 τῇ
858 2090 1138 2187 στρατιῇ
1194 2086 1456 2160 ἐκέλευε
1516 2087 1733 2160 πάντα
1792 2085 1999 2187 ἄνδρα
2056 2086 2243 2159 λίθον
2301 2084 2423 2160 ἕνα

94 2228 142 2279 15
170 2207 542 2308 παρεξιόντα
577 2205 835 2279 τιθέναι
890 2205 959 2287 ές
1009 2210 1085 2279 τὸ
1138 2204 1671 2304 ἀποδεδεγμένον
1712 2211 1909 2279 τοῦτο
1959 2212 2235 2307 χωρίον.
2330 2208 2425 2289 ὡς

171 2329 233 2400 δὲ
266 2333 470 2400 ταῦτα
502 2327 549 2426 ἡ
587 2329 866 2426 στρατιὴ
919 2325 1291 2410 ἐπετέλεσε,
1354 2326 1647 2399 ἐνθαῦτα
1696 2326 2037 2410 κολωνοὺς
2091 2326 2425 2424 μεγάλους

170 2455 286 2519 τῶ)
325 2447 529 2520 λίθων
567 2446 954 2519 καταλιπὼν
994 2443 1343 2545 ἀπήλαυνε
1379 2449 1504 2545 τὴν
1543 2450 1882 2546 στρατιήν.
1963 2450 2115 2544 πρὶν
2155 2445 2229 2517 δὲ
2264 2444 2421 2520 ἀπι-
2443 2464 2526 2525 93

172 2569 386 2642 κέσθαι
424 2567 530 2640 ἐπὶ
564 2571 677 2641 τὸν
701 2552 987 2666 Ἴστρον,
1039 2570 1345 2665 πρώτους
1394 2566 1602 2664 αἱρέει
1639 2565 1849 2648 Γέτας
1895 2567 2053 2647 τοὺς
2100 2564 2421 2641 ἀθανατίὲ

172 2689 411 2770 ζοντας.
499 2689 563 2760 οἱ
617 2685 741 2781 μὲν
796 2685 923 2785 γὰρ
973 2688 1084 2758 τὸν
1120 2685 1616 2783 Σαλμυδησσὸν
1668 2684 1942 2784 ἔχοντες
1981 2684 2265 2785 Θρήικες
2315 2690 2423 2760 καὶ

91 2828 143 2877 2⁰
175 2807 322 2907 ὑπὲρ
368 2795 844 2905 Ἀπολλωνίης
911 2831 983 2878 τε
1052 2807 1158 2877 καὶ
1219 2799 1673 2906 Μεσαμβρίης
1741 2806 1977 2888 πόλιος
2048 2792 2421 2906 οἰκημένοι.

173 2927 537 3022 καλεύμενοι
576 2926 653 2998 δὲ
684 2924 1067 3026 Κυρμιάναι
1104 2926 1212 2996 καὶ
1242 2921 1540 3022 Νιψαῖοι,
1584 2922 1890 3025 ἀμαχητὶ
1927 2927 2140 3024 σφέας
2178 2925 2422 3007 αὐτοὺς

170 3047 524 3144 παρέδοσαν
565 3044 867 3145 Δαρείῳ·
925 3046 988 3116 οἱ
1041 3044 1116 3117 δὲ
1155 3042 1360 3116 Γέται
1392 3045 1562 3142 πρὸς
1617 3042 2108 3145 ἀγνωμοσύνην
2164 3048 2417 3146 τραπό-

175 3192 341 3258 μενοι
374 3167 608 3240 αὐτίκα
644 3164 1155 3263 ἐδουλώθησαν,
1200 3163 1507 3264 Θρηίκων
1547 3163 1769 3247 ἐόντες
1807 3162 2274 3265 ἀνδρηιότατοι
2310 3168 2420 3238 καὶ

453 3404 529 3457 ὅτι
556 3401 706 3458 Γέται
732 3403 781 3456 οἱ
803 3395 1190 3465 ἀθανατίζοντες
1227 3401 1592 3475 ἐδουλώθησαν
1618 3400 1815 3476 Δαρείῳ
1848 3404 1937 3457 ’καὶ
1966 3402 2063 3457 τίνι
2086 3404 2260 3476 τρόπῳ
2285 3403 2419 3458 ἀθα-

351 3473 628 3536 νατίζουσιν

355 3631 383 3680 5
408 3648 485 3700 sq.
535 3627 817 3692 (Libanius
854 3627 959 3681 vol.
990 3626 1019 3679 I
1059 3644 1111 3699 p.
1143 3629 1243 3679 296
1282 3626 1525 3693 Reiske).
1601 3657 1670 3667 —-
1741 3630 1825 3680 21.
1870 3626 2180 3700 Stephanus
2205 3628 2335 3698 Byz.
2366 3645 2414 3680 v.

260 3694 405 3769 Νίψα.
444 3728 513 3737 -
549 3701 615 3750 23
640 3715 724 3767 sq.
763 3695 1087 3751 Eustathius
1111 3695 1278 3750 Dion.
1309 3698 1408 3748 304

264 3837 305 3887 1.
339 3836 665 3894 ato-redama<
690 3836 748 3890 R
816 3838 839 3900 ΙΙ
909 3836 959 3886 2.
998 3832 1144 3905 εὖρον
1170 3835 1209 3888 d
1274 3835 1297 3899 ΙΙ
1366 3834 1512 3887 πόλει
1542 3836 1637 3899 od,
1665 3834 1813 3888 πόλιν
1840 3836 1897 3888 R
1971 3838 1994 3901 ΙΙ
2075 3837 2124 3887 3.
2166 3835 2194 3889 ὁ
2221 3834 2420 3906 δαρεῖος

176 3902 307 3956 date-ad
474 3905 527 3958 R
596 3907 621 3970 ΙΙ
693 3906 740 3956 5.
779 3903 979 3975 γράψας
1003 3904 1203 3958 ABC'd
1257 3904 1280 3969 ΙΙ
1337 3902 1618 3974 κεφάλαιον
1644 3905 1682 3957 d
1742 3906 1764 3970 ΙΙ
1837 3906 1884 3955 7.
1927 3905 2135 3974 στρατὸν
2161 3921 2268 3958 om.
2299 3906 2337 3956 cl
2402 3905 2419 3971 ΙΙ

179 3972 219 4025 8.
373 3992 502 4034 ιστος
524 3974 615 4027 καὶ
640 3972 843 4045 ἄριστος
867 3974 1039 4038 ABG,
1067 3971 1339 4030 κάλλιστος
1364 3974 1573 4043 στρατὸν
1597 3972 1686 4025 καὶ
1711 3972 1914 4044 ἀριστος
1939 3974 1977 4026 d
2043 3976 2065 4039 ΙΙ
2136 3973 2274 4026 <ive-ff
2303 3974 2352 4026 C
2404 3983 2419 4038 Η

179 4041 311 4094 bom.
341 4045 376 4096 d
428 4047 450 4110 ΙΙ
512 4046 591 4096 10.
634 4041 939 4096 &aemule
995 4043 1017 4106 ΙΙ
1080 4043 1159 4094 11.
1201 4033 1443 4097 Evt'PRe
1472 4041 1524 4100 ἐς
1583 4043 1606 4107 ΙΙ
1677 4043 1755 4094 12.
1796 4041 2049 4113 ἀρτησκός
2081 4041 2419 4112 0,-ἀρτησ-κος

180 4113 248 4162 A:
270 4111 485 4181 ἀςπιωιός
510 4115 606 4177 Pz,
637 4110 871 4184 ἀρτίσκος
897 4112 1007 4175 Ba,
1037 4110 1240 4181 ἀρτικός
1267 4111 1324 4164 R
1404 4111 1427 4176 ΙΙ
1509 4110 1608 4176 διὰ]
1639 4110 1705 4180 δὴ
1732 4110 1815 4163 διὰ
1838 4129 1866 4163 z
1946 4113 1969 4176 ΙΙ
2052 4110 2306 4181 όδρυσέων
2331 4112 2416 4164 R:
2459 4175 2466 4182 ο

184 4176 401 4250 ὣρυσσῶν
425 4183 476 4246 d,
506 4182 733 4252 ὀὸρυσῶν
758 4179 957 4249 reliqui
1003 4183 1025 4245 ΙΙ
1079 4182 1159 4232 14.
1197 4188 1369 4251 χῶρον
1394 4179 1597 4234 ABC'd
1640 4183 1663 4244 ΙΙ
1713 4182 1793 4231 15.
1834 4179 1922 4232 τὸν
1949 4181 2008 4233 R
2054 4181 2075 4243 ΙΙ
2136 4181 2215 4232 16.
2355 4181 2420 4232 ά-

182 4244 431 4305 λωνΑΒΟ
490 4254 514 4318 n
601 4253 679 4304 17.
722 4249 1059 4303 ἀπέλαυνεΒ
1128 4252 1151 4314 11
1224 4250 1305 4300 18.
1345 4250 1615 4320 πρώτηςᾱ
1679 4251 1702 4313 ΙΙ
1776 4250 1856 4302 19.
1897 4249 2009 4319 γὰρ]
2070 4248 2135 4318 ἀρ
2159 4197 2353 4318 &255¹
2403 4279 2419 4314 1.

183 4311 358 4386 θρῆικες
378 4321 553 4387 ABP,
583 4319 774 4392 θρῆκες
802 4319 912 4381 Rd,
943 4316 1144 4390 Θρῇκες
1169 4336 1195 4370 z
1270 4320 1293 4383 ΙΙ
1366 4317 1456 4370 καὶ
1482 4335 1588 4371 om.
1625 4320 1673 4370 C
1744 4320 1767 4383 ΙΙ
1850 4319 1931 4369 21.
1973 4267 2247 4387 καλέμενοι
2274 4318 2331 4370 R
2401 4331 2418 4382 n

182 4396 425 4454 κυρμιᾶιναι
460 4391 522 4456 d,
560 4394 836 4461 κυρμιᾶναι
872 4405 961 4457 qz,
1002 4386 1307 4458 σκυρμιάδαι
1334 4388 1391 4440 R
1461 4389 1484 4452 ΙΙ
1552 4386 1746 4457 νιψαῖοι
1770 4405 1813 4441 ε.
1844 4387 2030 4456 steph.
2052 4407 2068 4440 ε
2105 4386 2312 4456 νυψαῖοι
2337 4387 2412 4451 R,

184 4454 364 4576 ffitm
394 4459 552 4513 ceteri
598 4461 623 4524 n
670 4457 855 4516 αὐτοὺς
883 4473 993 4511 om.
1022 4456 1075 4509 R
1133 4458 1156 4522 ΙΙ
1216 4457 1299 4509 23.
1340 4454 1681 4527 ἀνδρειότατοι
1707 4455 1938 4522 codices,
1967 4454 2282 4528 ἀνδριάτατοι
2305 4473 2332 4507 z
2365 4480 2370 4485 ·
2399 4465 2404 4492 ¹

300 4528 555 4582 ικαιότατοι
581 4545 690 4583 om.
722 4529 779 4582 B
