3059 5125
1108 374 1193 384 —
1284 337 1527 400 H—
2336 343 2462 405 269

184 505 462 581 ἔσεσθαι
496 508 640 601 ἅμα
676 510 802 608 ἠοῖ
837 537 953 608 σφι
992 511 1319 600 θάνατον,
1375 513 1484 585 ἐπὶ
1529 514 1603 585 δὲ
1642 516 1747 586 καὶ
1783 513 2151 609 αὐτόμολοι
2189 516 2362 613 ἦσαν
2402 518 2462 587 οἱ

183 624 682 724 ἐξαγγείλαντες
717 636 847 701 τῶν
888 628 1203 729 Περσέων
1239 634 1362 729 τὴν
1390 632 1731 731 περίοδον.
1799 632 1982 705 οὗτοι
2024 632 2143 725 μὲν
2197 633 2295 706 ἔτι
2344 661 2457 705 νυ-

183 749 333 825 κτδς
369 746 727 845 ἐσήμηναν
749 808 766 838 ,
808 755 1011 848 τρίτοι
1049 749 1123 821 δὲ
1162 753 1222 821 οί
1260 752 1718 850 ἡμεροσκόποι
1756 752 2291 851 καταδραμόντες
2327 752 2461 826 ἀπὸ

180 872 308 935 τῶν
348 865 569 965 ἄκρων
605 867 745 967 ἤδη
784 868 1270 967 διαφαινούσης
1296 870 1586 970 ἡμέρης.
1682 872 1972 944 ἐνθαῦτα
2018 871 2459 972 ἐβουλεύοντο

120 997 147 1043 5
181 973 653 1084 οἱσΕλληνες,
714 993 823 1059 καί
866 1014 1090 1085 σφεων
1142 989 1485 1085 ἐσχίζοντο
1544 994 1613 1062 αἱ
1668 998 1965 1088 γνῶμαι·
2057 993 2119 1062 οἱ
2176 989 2296 1084 μὲν
2334 991 2460 1090 γὰρ

181 1104 302 1176 οὐκ
338 1104 477 1177 ἔων
514 1109 642 1204 τὴν
682 1108 863 1188 τάξιν
904 1106 1232 1196 ἐκλιπεῖν,
1273 1111 1336 1180 οἱ
1373 1108 1448 1182 δὲ
1485 1106 1877 1183 ἀντέτεινον.
1955 1108 2121 1205 μετὰ
2156 1110 2231 1182 δὲ
2267 1116 2459 1181 τοῦτο

180 1224 634 1325 διακριθέντες
683 1228 746 1296 οί
798 1226 918 1319 μὲν
955 1223 1472 1301 ἀπαλλάσσοντο
1522 1232 1630 1301 καὶ
1667 1229 2255 1310 διασκεδασθέντες
2292 1228 2461 1301 κατὰ

177 1343 370 1424 πόλις
407 1343 679 1419 ἔκαστοι
732 1345 1138 1443 ἐτράποντο,
1196 1349 1259 1418 οἱ
1321 1347 1401 1420 δὲ’
1449 1348 1669 1420 αὐτῶν
1707 1347 1847 1441 ἅμα
1887 1347 2194 1445 Λεωνίδῃ
2237 1347 2458 1441 μένειν

178 1461 383 1533 αὐτοῦ
419 1464 990 1562 παρεσκευάδατο.
1064 1464 1329 1562 λέγεται
1367 1465 1440 1539 δέ
1480 1471 1576 1548 ὡς
1627 1467 1828 1549 αὐτός
1878 1493 2092 1564 σφεας
2149 1464 2597 1560 ἀπέπεμ-220

89 1594 143 1644 ¹⁰
176 1581 256 1675 ψε
324 1580 718 1680 Λεωνίδης,
793 1586 889 1682 μὴ
968 1580 1354 1657 ἀπόλωνται
1439 1586 1853 1684 κηδόμενος·
1959 1587 2147 1681 αὐτῷ
2215 1586 2289 1658 δέ
2351 1587 2456 1657 καὶ

175 1699 660 1799 Σπαρτιητέων
713 1706 885 1774 τοῖσι
941 1709 1265 1801 παρεοῦσι
1318 1703 1438 1776 οὐκ
1488 1704 1669 1801 ἔχειν
1724 1703 2115 1804 εὐπρεπέως
2164 1704 2453 1777 ἐκλιπεῖν

173 1822 290 1918 τὴν
327 1819 510 1899 τάξιν
547 1820 618 1901 ἐς
654 1824 776 1918 τὴν
815 1819 1032 1919 ἦλθον
1066 1822 1469 1918 φυλάξοντες
1501 1821 1741 1923 ἀρχήν.
1798 1826 2009 1922 ταύτῃ
2051 1826 2158 1895 καὶ
2198 1823 2454 1918 μᾶλλον

174 1941 254 2037 τῇ
303 1944 549 2038 γνώμῃ
606 1939 920 2021 πλεῖστός
980 1942 1156 2033 εἰμι,
1226 1941 1618 2041 Λεωνίδην,
1688 1943 1904 2014 ἐπείτε
1977 1928 2231 2042 ᾔσθετο
2299 1944 2455 2022 τοὺς

174 2058 572 2156 συμμάχους
604 2059 835 2139 ἐόντας
871 2058 1307 2159 ἀπροθύμους
1344 2064 1451 2133 καὶ
1505 2062 1626 2133 οὐκ
1681 2061 2040 2141 ἐθέλοντας
2084 2061 2451 2133 συνδιακιν-

95 2186 144 2234 ¹5
178 2176 502 2265 δυνεύειν,
554 2178 865 2252 κελεῦσαί
916 2204 1131 2277 σφεας
1179 2177 1768 2268 ἀπαλλάσσεσθαι,
1831 2180 2018 2276 αὐτῷ
2062 2178 2135 2252 δὲ
2188 2176 2453 2251 ἀπιέναι

178 2295 253 2365 οὐ
289 2296 521 2377 καλῶς
559 2295 774 2393 ἔχειν·
850 2297 1118 2393 μένοντι
1173 2301 1247 2372 δὲ
1286 2299 1494 2372 αὐτοῦ
1533 2299 1729 2380 κλέος
1768 2299 1941 2396 μέγα
1979 2299 2304 2386 ἐλείπετο,
2347 2302 2454 2370 καὶ

177 2415 221 2511 ἡ
283 2414 617 2514 Σπάρτης
690 2417 1081 2515 εὐδαιμονίη
1158 2418 1278 2490 οὐκ
1342 2419 1750 2517 ἐξηλείφετο.
1881 2417 2254 2517 ἐκέχρηστο
2326 2417 2453 2517 γὰρ

181 2532 303 2605 ὑπὸ
368 2545 494 2636 τῆς
550 2533 814 2636 Πυθίης
862 2541 1026 2610 τοῖσι
1080 2536 1548 2637 Σπαρτιήτῃσι
1606 2540 2051 2638 χρεωμένοισι
2112 2540 2266 2637 περὶ
2333 2542 2452 2609 τοῦ

177 2654 480 2748 πολέμου
515 2658 757 2728 τούτου
795 2658 1030 2728 αὐτίκα
1070 2646 1211 2728 κατ’
1259 2654 1473 2756 ἀρχὰς
1508 2657 1970 2757 ἐγειρομένου,
2021 2656 2067 2753 ἢ
2118 2656 2450 2728 Λακεδαί-

94 2792 148 2840 2υ
181 2798 344 2865 μονα
400 2772 771 2847 ἀνάστατον
828 2776 1144 2872 γενέσθαι
1206 2775 1334 2848 ὐπὸ
1386 2784 1517 2846 τῶν
1571 2777 1930 2877 βαρβάρων
1987 2776 2032 2873 ἢ
2087 2780 2198 2848 τὸν
2258 2776 2447 2876 βασι-

180 2890 297 2963 λέα
350 2894 585 2990 σφέων
642 2892 1041 2968 ἀπολέσθαι.
1133 2900 1340 2967 ταῦτα
1393 2894 1466 2966 δέ
1522 2921 1641 2991 σφι
1686 2896 1756 2967 ἐν
1807 2895 1996 2967 ἔπεσι
2034 2894 2450 2993 ἑξαμέτροισι

182 3008 471 3107 [ἔχοντα]
525 3015 665 3112 χρᾷ
722 3014 1002 3112 λέγοντα
1041 3014 1197 3085 ὦδε.

275 3128 426 3224 ὑμῖν
467 3119 562 3220 δ’,
620 3132 678 3201 ὦ
713 3133 1034 3232 Σπάρτης
1070 3133 1415 3231 οἰκήτορες
1452 3132 1867 3231 εὐρυχόροιο,

274 3251 319 3347 ἢ·
360 3250 539 3348 μέγα
577 3250 742 3324 ἄστυ
779 3250 1072 3351 ἐρικυδὲς
1110 3245 1222 3323 ὑπ’
1270 3248 1548 3350 ἀνδράσι
1591 3249 1997 3349 Περσεΐδῃσι

385 3576 536 3624 1-5.
578 3571 775 3625 Suidas
814 3590 861 3624 v.
894 3572 1146 3642 περίοδος.
1196 3603 1249 3609 —-
1299 3574 1377 3625 13.
1430 3570 1690 3642 Λεωνίδην
1730 3601 1757 3609 -
1797 3573 1857 3621 ¹5
1883 3569 2293 3623 ἀπαλλάσσεσθαι
2321 3570 2447 3623 Plu-

276 3641 501 3694 tarchus
534 3658 672 3694 mor.
715 3658 769 3711 p.
803 3643 921 3693 2⁵65.
980 3669 1040 3679 —
1095 3644 1177 3693 23.
1223 3641 1342 3711 ὑμῖν
1385 3671 1412 3681 -
1450 3658 1502 3710 p.
1535 3643 1665 3706 270,
1704 3642 1735 3690 2
1771 3638 1919 3709 οὖρος
1954 3639 2266 3693 Oenomaus
2302 3640 2447 3709 apud

277 3709 480 3765 Euseb.
508 3726 694 3781 praep.
722 3727 804 3762 ev.
836 3711 884 3762 V
911 3712 976 3761 25

284 3861 327 3908 1.
367 3856 481 3928 ἅμα
504 3856 557 3910 οἶ
582 3856 634 3907 R
705 3860 727 3921 ΙΙ
800 3855 884 3909 ἐπὶ
911 3855 1283 3910 Valckenaert
1322 3855 1432 3908 ἐπεὶ
1516 3860 1539 3920 ΙΙ
1621 3856 1769 3925 ἦισαν
1799 3855 1872 3915 0,
1914 3852 2063 3921 ἤϊσαν
2091 3853 2171 3915 R,
2217 3853 2334 3905 ἔσαν
2360 3871 2386 3904 z
2430 3854 2450 3921 ΙΙ

188 3929 233 3976 «1.
268 3926 540 3998 διαφανοῦς
566 3924 724 3995 οὔσης
750 3925 805 3977 R
852 3929 874 3990 ΙΙ
922 3930 969 3976 (i.
1014 3924 1262 3977 ἐκλείπειν
1293 3926 1347 3976 R
1394 3928 1415 3990 ΙΙ
1459 3930 1509 3976 8.
1550 3924 1720 3982 πόλεις
1747 3925 1784 3975 d
1826 3926 1850 3989 ΙΙ
1895 3922 2137 3974 αὐτέωνε
2183 3925 2205 3984 ΙΙ
2253 3922 2304 3972 9.
2344 3938 2448 3972 πα-

188 3995 537 4060 ρεσκευάδαται
562 3995 599 4046 d
640 3998 664 4059 ΙΙ
712 3994 769 4046 δὲ
793 3995 882 4046 καὶ
910 3994 1196 4048 Bekkerus
1236 3997 1257 4058 ΙΙ
1304 3995 1381 4047 10.
1420 3994 1473 4044 δὲ
1498 4010 1607 4045 om.
1644 3993 1699 4055 ζ’,
1728 4010 1781 4043 τε
1805 3991 1842 4042 d
1882 3994 1904 4056 ΙΙ
1959 3993 2036 4042 n.
2068 3989 2314 4042 ἐκλείπειν
2345 3988 2395 4039 R
2427 3989 2448 4055 ΙΙ

195 4063 261 4113 13.
290 4066 406 4134 εἰμι]
438 4065 546 4134 είμι
569 4062 729 4153 ὄχλος
752 4064 807 4116 R
847 4066 870 4129 ΙΙ
913 4065 939 4116 δ
968 4062 1227 4132 Λεωνίδης
1253 4062 1397 4114 Plut.
1438 4065 1459 4125 ΙΙ
1502 4064 1580 4112 14.
1599 4060 1798 4130 ἀπροθύ
1842 4078 1911 4116 ως
1930 4060 1978 4112 C
2006 4063 2028 4124 ΙΙ
2064 4055 2447 4110 διακινδυνεύειν

196 4131 266 4196 R,
300 4134 697 4206 συγκινδυνεύειν
734 4131 883 4185 Suid.
960 4135 983 4197 n
1064 4133 1140 4182 16.
1186 4130 1386 4183 ἐλίπετο
1410 4130 1447 4179 11
1510 4135 1533 4194 ΙΙ
1613 4134 1685 4180 17.
1730 4131 1789 4181 ἐκ
1817 4145 2089 4249 χρἯτ-οεε
2134 4126 2194 4179 ἐκ
2355 4142 2383 4176 ο
2428 4126 2449 4193 ΙΙ

193 4202 263 4251 18.
301 4202 625 4273 χρεομένοισι
653 4200 702 4252 P
741 4202 763 4266 ΙΙ
816 4203 894 4252 19.
936 4220 1067 4253 κατα
1098 4197 1196 4272 χάς
1223 4198 1383 4252 Asz
1452 4202 1474 4264 ΙΙ
1546 4197 1576 4247 ά
1609 4197 1872 4267 ειρομένου
2024 4200 2046 4259 ΙΙ
2118 4196 2199 4246 20.
2271 4191 2446 4245 σεσθαι

194 4269 243 4320 R
283 4264 572 4353 [βασιλῆα
598 4291 625 4323 z
671 4274 694 4336 ΙΙ
742 4272 825 4321 21.
869 4278 1010 4341 σφῶν
1040 4217 1098 4322 Ῑς
1141 4270 1163 4332 ΙΙ
1209 4268 1492 4319 ἀπολέσθαι
1518 4265 1570 4316 P
1620 4284 1674 4318 z:
1713 4264 2019 4318 ἀπολέεσθαι
2067 4267 2088 4329 ΙΙ
2138 4263 2218 4314 22.
2263 4261 2288 4311 ἔ
2327 4279 2446 4341 οντα

190 4337 401 4393 seclum:
441 4358 550 4393 om.
582 4358 624 4389 x.
657 4338 929 4392 Schaefer.
982 4339 1090 4410 γρᾷ
1106 4337 1288 4407 ἔχοντα
1314 4335 1430 4387 sine
1456 4335 1665 4404 λέγοντα
1688 4332 2161 4401 Schweighaeuser
2206 4333 2228 4395 ΙΙ
2349 4368 2360 4380 .
2391 4330 2419 4380 δ

190 4422 285 4458 om.
312 4409 360 4460 d.
400 4409 637 4461 Oenom.
705 4413 727 4473 u
782 4402 1095 4478 εὐρυχώροιο
1121 4407 1157 4458 d
1211 4410 1233 4469 ΙΙ
1282 4407 1359 4457 2⁴,
1405 4402 1519 4456 ἀπ’
1559 4403 1785 4471 ἐρικυδὲς
1812 4400 2160 4461 Camena-im,
2193 4399 2315 4452 ἄστυ
2343 4398 2445 4467 ’ρι-

188 4473 324 4534 aubi:
350 4476 667 4544 WVeeseling
715 4480 737 4541 ΙΙ
784 4476 1073 4548 περσείδησι
1099 4473 1260 4542 vulgo
