3059 5125
1207 342 1499 398 Praefatio.
2319 364 2500 408 Lxxv

251 517 493 593 referre
540 544 691 591 non
742 521 975 615 magis
1012 518 1296 614 placuit
1361 542 1581 614 quam
1632 519 2072 594 emendandi
2115 521 2505 592 conamina

249 650 554 721 omnium
589 649 862 743 pariter
895 649 1145 720 omnia
1189 672 1658 743 expromere:
1714 650 1842 721 sed
1891 674 1987 722 ne
2037 673 2222 723 onus
2271 650 2502 722 critici

243 780 692 851 instrumenti
743 803 871 872 per
921 802 996 851 se
1059 776 1445 851 molestum
1509 776 1704 850 ultra
1766 780 2065 851 modum
2128 789 2499 866 cresceret,

241 931 374 978 non
407 909 799 981 memoravi
849 905 1003 981 fere
1051 907 1201 979 nisi
1250 905 1502 1002 aliqua
1533 906 1752 982 laude
1789 909 2034 1003 digna.
2125 910 2207 981 in
2245 895 2390 1003 (1110
2436 910 2498 981 si

239 1037 346 1108 cui
399 1033 585 1109 forte
644 1037 969 1110 severius
1032 1037 1270 1132 egisse
1335 1038 1584 1111 videar
1603 1093 1622 1123 ,
1682 1029 1836 1110 11011
1896 1039 1979 1111 111
2039 1062 2205 1111 mea
2259 1038 2495 1111 lenior

239 1190 440 1260 quam
487 1167 570 1239 in
618 1166 861 1240 aliena
908 1163 1041 1239 fui.
1164 1164 1354 1238 illud
1404 1190 1580 1238 vero
1644 1165 2036 1263 diligenter
2100 1169 2349 1241 curavi
2409 1177 2496 1241 ut

238 1296 502 1390 primus
537 1295 1072 1370 emendationis
1117 1296 1469 1390 cuiusque
1520 1305 1776 1368 auctor
1824 1305 2207 1370 constaret.
2299 1299 2501 1394 capi-

239 1433 382 1496 tum
432 1427 869 1498 divisionem
936 1423 1228 1520 qualem
1293 1426 1575 1520 primus
1624 1425 1950 1500 instituit
2000 1424 2500 1502 Gothofredus

233 1555 804 1650 Iungermannus
854 1555 1274 1649 posterique
1308 1554 1799 1642 retinuerunt,
1843 1579 1938 1628 ne
1989 1557 2149 1650 ipse
2201 1557 2501 1651 quidem

231 1685 496 1776 mutavi
529 1682 708 1772 fere,
760 1684 1089 1778 quamvis
1140 1707 1356 1778 saepe
1391 1707 1651 1779 parum
1688 1693 1962 1779 aptam,
2014 1683 2181 1779 plus
2231 1686 2310 1757 in
2358 1686 2499 1759 hoc

230 1813 726 1888 consuetudini
775 1837 997 1908 quam
1047 1812 1319 1884 rationi
1367 1813 1719 1886 tribuens.
1813 1824 2205 1909 apparatus
2264 1815 2497 1888 critici

228 1951 593 2037 tamquam
643 1941 1122 2038 appendicem
1174 1951 1249 2015 et
1294 1944 1778 2016 necessariam
1830 1951 1906 2015 et
1954 1966 2107 2015 non
2152 1942 2497 2016 inutilem

225 2069 472 2168 collegi
534 2072 962 2145 testimonia
1021 2073 1459 2165 scriptorum
1521 2079 1598 2146 et
1656 2073 2300 2167 grammaticorum
2318 2128 2338 2160 ,
2411 2080 2497 2147 ut

221 2201 418 2294 potui
487 2210 568 2274 et
639 2201 1081 2295 suppetebat
1147 2198 1506 2273 librorum
1591 2199 1901 2274 facultas
1921 2256 1940 2288 ,
2028 2200 2491 2297 plenissima:

223 2329 488 2402 exclusi
522 2338 774 2403 autem
812 2353 934 2403 eos
970 2327 1190 2416 locOS,
1207 2344 1212 2347 ’
1230 2331 1425 2403 unde
1462 2327 1655 2402 nihil
1690 2331 1993 2403 omnino
2028 2332 2498 2426 proficeretur

221 2461 306 2531 ad
355 2459 676 2555 speciem
719 2461 1101 2532 verborum
1160 2457 1278 2532 vel
1326 2460 1896 2532 confirmandam
1952 2459 2073 2532 vel
2130 2460 2496 2557 corrigen-

221 2591 412 2662 dam:
485 2615 627 2664 nec
663 2590 1002 2663 descendi
1051 2614 1286 2685 usque
1339 2591 1431 2662 ad
1465 2588 1763 2662 ultimos
1806 2590 2325 2686 pessimosque.
2415 2592 2497 2664 in

220 2720 478 2813 quibus
519 2720 820 2815 quidem
854 2744 1006 2792 non
1039 2720 1218 2791 novi
1267 2718 1500 2791 ullum
1556 2720 2162 2815 contemptiorem
2205 2720 2494 2793 inanio-

215 2873 510 2944 remque
565 2873 787 2943 quam
825 2849 1268 2944 Gregorium
1319 2846 1537 2921 illum
1584 2848 2076 2934 Corinthium,
2129 2851 2260 2944 qui
2308 2852 2493 2923 adeo

214 2978 399 3051 inter
434 2986 772 3051 auctores
808 2977 1099 3051 dialecti
1134 2977 1392 3051 haberi
1428 2975 1635 3066 solet,
1673 2979 1907 3065 cuiuS,
1960 2979 2090 3050 ubi
2129 2980 2222 3050 ad
2258 2977 2491 3059 Λέξεις

215 3131 475 3180 venero
513 3109 860 3196 edendas,
895 3116 1267 3203 repetetur
1300 3108 1578 3180 mentio
1613 3108 1816 3180 haud
1851 3107 2270 3180 honorifica.
2351 3108 2493 3180 ibi-

217 3239 375 3310 dem
418 3239 656 3311 satius
691 3238 930 3309 visum
979 3245 1090 3311 est
1125 3261 1561 3332 componere
1611 3262 1711 3310 ex
1745 3237 2186 3310 testimoniis
2220 3236 2494 3310 lexico-

213 3368 657 3461 graphorum
708 3390 795 3439 ea
814 3423 832 3454 ,
886 3391 1074 3461 quae
1126 3391 1220 3439 ex
1269 3367 1524 3440 eodem
1564 3392 1710 3461 quo
1744 3365 1916 3439 illae
1950 3366 2228 3439 fluxere
2263 3365 2490 3440 fonte.

217 3497 404 3589 quod
447 3521 648 3582 eum,
705 3496 835 3591 qui
870 3496 1112 3568 adhuc
1146 3496 1449 3567 Ioannis
1486 3497 1809 3568 Zonarae
1855 3496 2149 3568 nomine
2186 3496 2496 3568 circum-

215 3622 582 3698 ferebatur
601 3680 621 3711 ,
686 3649 835 3697 non
885 3624 1215 3697 dubitavi
1264 3625 1500 3698 dicere
1550 3624 1965 3697 Antonium
2011 3624 2490 3709 Monachum,

213 3755 391 3827 ratio
415 3757 767 3828 reddetur
789 3756 1047 3827 eodem
1069 3752 1198 3826 illo
1221 3753 1403 3827 1000.
1459 3763 1536 3828 et
1573 3763 1925 3849 poteram,
1958 3755 2100 3827 nisi
2136 3780 2294 3828 sero
2336 3756 2494 3827 ani-

213 3885 782 3970 madvertissem,
805 3876 822 3904 ‘
833 3875 1346 3981 Etymologici'
1374 3870 1549 3957 sive‘
1567 3885 1828 3958 Lexici
1843 3877 2457 3956 Vindobonensis’
2475 3942 2488 3966 ‚

217 4016 404 4107 quod
447 4014 688 4087 edidit
735 4038 974 4109 nuper
1022 4015 1444 4086 Theodorus
1479 4012 1729 4108 Bergk
1775 4014 2215 4109 iteravitque
2270 4038 2495 4108 opera

213 4143 571 4236 probabili
595 4146 982 4239 Augustus
1003 4142 1291 4230 Nauck,
1331 4168 1547 4215 suum
1583 4151 1658 4216 et
1694 4151 2060 4217 auctorem
2088 4151 2164 4217 et
2191 4142 2495 4216 titulum

216 4271 611 4367 impertire.
739 4281 944 4346 extat
994 4273 1192 4347 enim
1241 4272 1437 4346 idem
1490 4270 1716 4345 altero
1766 4270 2106 4367 exemplo
2154 4274 2233 4345 in
2285 4273 2496 4346 Vati-

219 4425 416 4490 cana,
454 4405 550 4477 de
588 4428 734 4498 quo
772 4401 947 4475 olim
986 4402 1239 4498 (1863)
1292 4404 1399 4475 ita
1445 4403 1525 4474 in
1570 4427 1787 4474 usum
1822 4426 2071 4475 meum
2107 4403 2490 4474 adnotavi:

206 4516 472 4605 ‘Vatia
519 4533 617 4605 22
635 4588 654 4619 ,
705 4533 1036 4629 bombyc.
1058 4587 1076 4619 ,
1129 4533 1211 4604 in
1248 4541 1387 4605 oct.
1492 4541 1777 4627 praeter
1828 4530 1976 4604 alia
2024 4532 2495 4630 grammatica
