3059 5125
1097 322 1475 386 —I—
2294 327 2422 388 403

136 497 226 596 ἧν
271 494 584 592 Λάμπων
624 494 910 586 Πυθέω,
970 493 1382 598 Αἰγινητέων
1434 494 1519 570 τὰ
1549 505 1825 598 πρῶτα,
1863 497 1937 578 ὃς
1971 494 2422 572 ἀνοσιώτατον

135 614 332 714 ἔχων
390 615 588 715 λόγον
643 614 777 690 ἵετο
826 619 996 716 πρὸς
1051 616 1448 716 Παυσανίην
1468 676 1486 707 ,
1562 615 1971 714 ἀπικόμενος
2035 616 2109 691 δὲ
2158 620 2421 722 σπουδῇ

135 735 343 833 ἔλεγε
376 735 555 810 τάδε.
621 723 732 806 “ὧ
762 741 893 809 παῖ’
923 733 1439 838 Κλεομβρότου,
1487 736 1684 836 ἔργον
1723 736 2044 836 ἔργασταί
2078 764 2180 810 τοι
2216 738 2424 838 ὑπερ-

135 855 318 954 φυὲς
353 855 653 954 μέγαθός
686 883 760 929 τε
801 858 910 928 καὶ
964 856 1249 946 κάλλος,
1308 862 1418 952 καί
1464 884 1568 931 τοι
1621 856 1781 939 θεὸς
1829 856 2183 957 παρέδωκε
2222 858 2424 958 ῥυσά-

56 991 86 1038 5
135 1002 350 1070 μενον
403 978 528 1074 τήν
574 970 886 1050 Ἑλλάδα
955 976 1152 1059 κλέος
1212 976 1625 1051 καταθέσθαι
1695 977 2003 1075 μέγιστον
2057 964 2422 1077 Ἑλλήνων

130 1103 282 1168 τῶν
321 1096 521 1195 ἡμεῖς
554 1096 766 1191 ἴδμεν.
861 1097 947 1170 σὺ
997 1095 1072 1170 δὲ
1126 1099 1235 1169 καὶ
1279 1095 1363 1168 τὰ
1392 1097 1599 1170 λοιπὰ
1629 1094 1713 1168 τὰ
1747 1096 1858 1170 ἐπὶ
1892 1099 2182 1171 τούτοισι
2216 1101 2423 1196 ποίη-

131 1243 287 1305 σον,
330 1216 507 1296 ὅκως
544 1215 745 1314 λόγος
775 1216 850 1289 τέ
885 1243 964 1289 σε
999 1215 1134 1315 ἔχῃ
1176 1215 1275 1290 ἔτι
1319 1218 1542 1310 μέζων
1578 1221 1688 1290 καί
1723 1243 1821 1298 τις
1852 1215 2125 1315 ὕστερον
2162 1216 2423 1315 φυλάσ-

131 1361 358 1435 σηται
405 1342 540 1407 τῶν
597 1334 956 1438 βαρβάρων
1010 1339 1108 1434 μή
1163 1336 1485 1437 ὑπάρχειν
1553 1335 1719 1437 ἔργα
1775 1334 2131 1410 ἀτάσθαλα
2174 1335 2425 1408 ποιέων

131 1455 215 1538 ἐς
250 1458 416 1538 τοὺς
436 1444 814 1555 (Έλληνας.
905 1453 1264 1529 Λεωνίδεω
1300 1455 1426 1555 γὰρ
1463 1452 1923 1536 ἀποθανόντος
1957 1454 2028 1529 έν
2068 1452 2424 1554 Θερμοπύ-

56 1589 92 1637 ῠ
135 1576 318 1675 λῃσι
375 1570 762 1675 Μαρδόνιός
815 1602 889 1648 τε
941 1577 1050 1648 καὶ
1110 1573 1367 1675 Ξέρξης
1429 1573 1893 1670 ἀποταμόντες
1938 1578 2062 1675 τὴν
2126 1576 2427 1674 κεφαλὴν

134 1687 699 1795 ἀνεσταύρωσαν·
774 1696 878 1793 τῷ
919 1695 1005 1766 σὺ
1063 1697 1187 1792 τὴν
1238 1696 1480 1795 ὁμοίην
1534 1691 1899 1777 ἀποδιδοὺς
1932 1693 2206 1769 ἔπαινον
2261 1693 2430 1776 ἕξεις

129 1822 389 1914 πρῶτα
424 1812 547 1909 μὲν
589 1813 719 1887 ὑπὸ
749 1814 1020 1887 πάντων
1058 1814 1570 1915 Σπαρτιητέων,
1609 1815 1797 1896 αὖτις
1834 1812 1910 1886 δὲ
1947 1814 2056 1887 καὶ
2089 1818 2258 1914 πρὸς
2290 1821 2427 1886 τῶν

131 1935 380 2008 ἄλλων
405 1929 768 2033 Ἑλλήνων
793 1958 807 1972 ·
881 1930 1266 2033 Μαρδόνιον
1311 1932 1437 2034 γὰρ
1479 1932 2012 2016 ἀνασκολοπίσας
2046 1938 2426 2033 τετιμωρή-

132 2081 297 2129 σεαι
346 2054 420 2136 ἐς
471 2054 747 2153 πάτρων
799 2058 913 2126 τὸν
967 2056 1083 2127 σὺν
1120 2043 1531 2152 Λεωνίδην.”
1612 2054 1648 2125 ὁ
1699 2052 1821 2149 μὲν
1862 2051 2115 2125 δοκέων
2150 2054 2426 2153 χαρίζε-
2458 2063 2542 2124 79

56 2190 91 2238 5
134 2175 313 2248 σθαι
350 2172 546 2271 ἔλεγε
597 2171 791 2262 τάδε,
847 2174 885 2246 ὁ
941 2160 1002 2243 δ’
1071 2170 1509 2274 ἀνταμείβετο
1545 2174 1814 2247 τοῖσιδε.
1863 2160 1991 2242 ·“ὦ
2029 2171 2198 2251 ξεῖνε
2233 2169 2425 2270 Αἰγι-

131 2303 360 2395 νῆτα,
413 2296 491 2364 τὸ
548 2293 671 2387 μὲν
722 2292 1006 2368 εὐνοέειν
1051 2319 1124 2365 τε
1170 2296 1280 2365 καὶ
1311 2297 1610 2392 προορᾶν
1650 2292 1915 2391 ἄγαμαί.
1942 2319 2097 2381 σευ,
2147 2298 2431 2391 γνώμης

134 2414 386 2510 μέντοι
439 2414 848 2511 ἡμάρτηκας
891 2419 1231 2512 χρηστῆς·
1308 2411 1610 2510 ἐξαείρας
1656 2411 1782 2512 γάρ
1829 2438 1913 2507 με
1952 2410 2126 2510 ὑψοῦ
2163 2417 2271 2485 καὶ
2303 2415 2426 2511 τὴν

131 2536 416 2634 πάτρην
469 2535 578 2606 καὶ
628 2536 705 2606 τὸ
767 2531 997 2632 ἔργον,
1077 2532 1148 2614 ἐς
1211 2534 1290 2605 τὸ
1349 2529 1560 2631 μηδὲν
1626 2530 1990 2632 κατέβαλες
2043 2531 2426 2632 παραινέων

133 2657 367 2754 νεκρῷ
420 2652 897 2748 λυμαίνεσθαι,
966 2654 1075 2724 καὶ
1129 2652 1214 2750 ἢν
1265 2657 1472 2723 ταῦτα
1521 2652 1770 2741 ποιέω,
1835 2649 1968 2749 φὰς
2017 2650 2291 2746 ἄμεινόν
2346 2677 2430 2747 με

57 2790 96 2839 ο
136 2771 595 2849 ἀκούσεσθαι·
675 2769 759 2842 τὰ
810 2771 1053 2871 πρέπει
1113 2771 1369 2875 μᾶλλον
1435 2770 1829 2872 βαρβάροισι
1890 2770 2142 2844 ποιέειν
2196 2773 2244 2870 ἤ
2303 2797 2430 2871 περ

120 2891 478 2993 Ἕλλησι·
552 2894 664 2964 καὶ
712 2891 1021 2964 ἐκείνοισι
1071 2888 1148 2963 δὲ
1185 2889 1694 2987 ἐπιφθονέομεν.
1770 2889 1908 2987 ἐγὼ
1946 2883 2007 2960 δ’
2063 2889 2157 2961 ὦν
2192 2891 2431 2962 τούτου

135 3012 370 3088 εἵνεκα
423 3016 599 3111 μήτε
635 3007 1040 3109 Αἰγινήτῃσι
1087 3008 1316 3104 ἅδοιμι
1364 3013 1538 3108 μήτε
1586 3012 1758 3083 τοῖσι
1793 3014 2005 3082 ταῦτα
2041 3006 2425 3109 ἀρέσκεται·

139 3132 430 3232 ἀποχρᾷ
483 3131 560 3204 δέ
618 3157 735 3226 μοι
776 3130 1244 3229 Σπαρτιήτῃσι
1294 3127 1739 3228 ἀρεσκόμενον
1790 3129 1943 3201 ὅσια
1991 3127 2111 3222 μὲν
2151 3127 2427 3215 ποιέειν,

139 3254 307 3326 ὅσια
346 3249 422 3322 δὲ
459 3253 568 3322 καὶ
604 3251 845 3349 λέγειν.
923 3249 1237 3347 Λεωνίδῃ
1278 3250 1392 3337 δέ,
1430 3251 1534 3346 τῷ
1576 3273 1659 3342 με
1692 3247 1984 3329 κελεύεις
2018 3253 2428 3346 τιμωρῆσαι,

56 3395 102 3443 μ’»
142 3373 335 3471 φημὶ
393 3370 712 3467 μεγάλως
762 3368 1302 3469 τετιμωρῆσθαι,
1353 3369 1614 3467 ψυχῇσί
1664 3393 1739 3440 τε
1790 3370 1944 3467 τῇσι
1993 3366 2209 3439 τῶνδε
2265 3363 2429 3445 ἀνα-

143 3491 549 3591 ριθμήτοισι
596 3494 951 3588 τετίμηται
998 3486 1201 3569 αὐτός
1255 3514 1326 3559 τε
1376 3489 1485 3559 καὶ
1537 3487 1599 3557 οί
1638 3485 1832 3559 ἄλλοι
1868 3489 1932 3557 οἱ
1968 3486 2037 3558 ἐν
2075 3482 2431 3583 Θερμοπύ-

465 3730 582 3801 περὶ
605 3735 707 3782 τῶν
731 3726 832 3781 ὑπὸ
855 3724 1147 3796 Λάμπωνος
1169 3729 1260 3777 τοῦ
1287 3721 1564 3796 Αἰγινήτου
1589 3722 1714 3793 πρὸς
1738 3718 2025 3776 Παυσανίαν
2049 3720 2340 3795 λεχθέντων

2047 3891 2077 3940 Ι

257 3962 375 4063 1.ζὸ
415 4005 599 4060 πυθέω
634 4006 719 4068 R,
769 4004 800 4059 ὁ
825 4000 1014 4058 Πύθεω
1038 4021 1065 4055 z
1133 4005 1157 4068 u
1223 4000 1290 4053 τὰ
1321 4009 1498 4071 πρῶτα
1535 3998 1705 4071 φέρων
1728 4017 1755 4051 z
1822 4001 1847 4064 ΙΙ
1916 4000 1966 4052 2.
2006 3997 2157 4070 λόγον
2183 3997 2320 4071 ἔχων
2346 4017 2372 4050 z

146 4097 255 4133 ιετο
279 4081 354 4141 Α,
384 4076 493 4129 ἵετο
517 4074 686 4129 ceteri
731 4077 756 4140 u
805 4076 852 4126 7.
895 4072 1081 4143 μείζων
1107 4072 1220 4126 AB
1263 4073 1289 4137 ΙΙ
1337 4072 1385 4122 8.
1426 4068 1613 4122 ποιέειν
1642 4069 1698 4123 R
1755 4071 1778 4134 ΙΙ
1843 4069 1924 4121 11.
1965 4061 2288 4138 ἐσταύρωσαν
2314 4067 2372 4119 R
2416 3997 2438 4136 ΙΙ

150 4149 235 4203 12.
278 4147 381 4200 ὑπὸ
407 4154 515 4198 τῶν
544 4141 906 4215 Σπαρτιητέων
941 4140 1143 4195 πάντων
1169 4158 1196 4193 ,τ
1242 4140 1266 4204 ΙΙ
1316 4139 1396 4191 13.
1437 4136 1691 4192 ἀνασκολο
1714 4137 1860 4195 .’σας
1884 4139 1942 4191 Β
1987 4138 2011 4201 ΙΙ
2066 4135 2437 4206 τετιμωρήσεαι

149 4218 394 4271 Sfivernz
479 4231 582 4266 τετι
626 4214 825 4283 ώρησαι
867 4213 893 4273 11
943 4211 1025 4262 15.
1067 4208 1122 4261 δὲ
1159 4209 1217 4261 R
1264 4210 1287 4273 ΙΙ
1354 4205 1544 4259 τοῖσιδε
1568 4207 1628 4261 bt
1676 4156 1805 4259 τζῗσι
1829 4203 1884 4257 δε
1916 4206 1985 4269 0,
2023 4203 2193 4257 τοῖσδε
2218 4202 2381 4284 opteri
2415 4203 2436 4271 ΙΙ

152 4289 237 4339 16.
276 4285 477 4338 εὐνοεῖν
502 4281 556 4334 Ρ
612 4300 640 4335 z
710 4285 733 4348 ΙΙ
801 4280 1010 4351 πρῶραν
1034 4280 1091 4333 Β
1158 4280 1182 4343 ΙΙ
1258 4295 1349 4330 σου
1373 4277 1514 4330 ABb
1584 4277 1607 4340 ΙΙ
1677 4278 1754 4327 17.
1798 4273 1995 4344 ἐξάιρας
2019 4274 2150 4337 ΑΒ,
2176 4271 2227 4333 εξ
2270 4290 2359 4341 ρας
2383 4288 2431 4335 z,

145 4355 334 4425 ἐξάρας
358 4349 562 4420 reliqui
619 4354 643 4416 Η
710 4352 784 4403 18.
825 4345 1137 4418 κατέβαλλες
1163 4347 1188 4399 Ρ
1246 4348 1269 4412 fl
1328 4346 1410 4396 19.
1451 4344 1629 4398 ποιέωι
1653 4346 1725 4406 Β,
1764 4343 1924 4414 ποιέῳ
1949 4362 1976 4395 z
2031 4349 2054 4399 ΙΙ
2113 4342 2198 4395 20.
2233 4291 2433 4462 {wled-

147 4441 280 4495 ροισι
305 4420 510 4492 μᾶλλον
537 4420 594 4473 R
635 4421 664 4484 fl
712 4420 798 4471 21.
837 4416 1115 4470 κάκείνοισι
1141 4416 1212 4477 R,
1241 4413 1520 4485 κᾴκείνοισι
1544 4432 1572 4466 z
1598 4415 1639 4479 -ΙΙ
1696 4414 1780 4464 22.
1819 4411 1994 4482 άδοιμι
2018 4414 2087 4471 Α,
2118 4408 2291 4480 ἅδοιμι
2414 4408 2434 4476 ΙΙ

145 4492 308 4547 ταύτὰ
333 4488 632 4545 Bekkerus
681 4492 704 4554 ΙΙ
752 4488 833 4539 23.
877 4485 934 4538 δέ
957 4485 1014 4537 τέ
1039 4504 1126 4553 μοι
1154 4485 1209 4536 R
1255 4486 1277 4548 ΙΙ
1325 4484 1409 4536 25.
1448 4482 1559 4554 τῇσι
1584 4498 1693 4534 om.
1722 4483 1781 4534 b:
1909 4567 1939 4617 2
1989 4566 2021 4597 ἡ

797 4584 802 4589 ’
1943 4568 1974 4617 6
