3059 5125
1177 335 1466 394 Praefatio.
2240 358 2468 402 xxxut

188 514 334 587 fide
371 540 460 587 ac
494 538 853 589 consensu
891 508 973 610 (A
1007 514 1103 588 39
1142 512 1444 616 φοβέεαι,
1480 509 1543 584 Η
1578 515 1672 587 50
1705 511 2046 613 διαιρέεαι,
2087 515 2221 588 161
2262 513 2468 609 δέεαι)

188 652 261 715 et
292 643 466 738 ipsa
496 644 785 717 ratione
823 653 1106 717 constet
1149 668 1287 717 nec
1331 643 1784 717 contraxisse
1820 643 2284 717 Herodotum
2333 669 2470 717 nec

185 773 649 846 imminuisse
687 775 1073 848 verborum
1105 771 1375 846 formas
1412 774 1495 846 in
1530 798 1675 846 εεαι
1725 798 1771 844 a
1817 773 2054 869 primo
2089 783 2469 861 exeuntes»,

188 901 309 975 hic
346 927 544 975 unus
583 904 855 977 retinet
905 902 1026 976 vel
1073 904 1322 999 potius
1371 903 1823 999 redintegrat
1870 901 2171 997 plenam
2223 904 2473 977 termi-

184 1033 568 1106 nationem
604 1033 686 1106 in
720 1034 1149 1129 Archetypo
1187 1031 1419 1106 altera
1452 1057 1487 1104 ε
1520 1030 1957 1120 fraudatam,
2014 1028 2070 1104 A
2113 1034 2260 1106 206
2298 1058 2468 1132 προ-
2589 1102 2595 1108 .

183 1161 491 1255 θυμέεαι,
545 1158 600 1233 Γ
637 1162 735 1235 34
772 1161 1130 1246 ἐπαινέεαι,
1185 1158 1241 1233 Δ
1279 1162 1323 1235 9
1360 1159 1782 1260 εὐφρανέεαι,
1851 1161 1994 1235 163
2033 1157 2468 1246 ἀποθανέεαι,

187 1286 247 1360 H
299 1292 399 1362 47
463 1290 804 1390 ὃιαιρέεαι,
870 1292 966 1364 52
1019 1288 1321 1391 φοβέεαι.
1413 1314 1783 1385 quamque
1830 1290 2055 1364 ceteri
2101 1289 2181 1361 in
2227 1287 2474 1383 θῶυμα

185 1417 537 1513 θωυμάζω
571 1418 967 1515 θωυμάσιος
1014 1419 1386 1492 interdum
1437 1419 1793 1493 omittunt
1841 1418 2173 1493 vocalem
2226 1443 2289 1507 0,
2350 1413 2476 1490 1110

185 1547 334 1620 fere
385 1557 527 1620 aut
566 1549 878 1620 retinuit
921 1557 1053 1620 aut
1098 1548 1418 1621 reduxit.
1517 1557 1729 1626 recte,
1766 1573 1986 1644 porro
2039 1549 2238 1622 idem
2275 1542 2331 1618 A
2373 1547 2469 1620 63
2614 1563 2621 1568 ’

189 1674 502 1770 ἕκαστος]
551 1674 833 1748 ἕκαστον
855 1734 870 1759 ,
929 1677 1025 1750 90
1063 1675 1306 1772 τούτῳ]
1344 1681 1573 1758 τοῦτο,
1641 1678 1783 1751 108
1822 1676 2126 1772 έπίτοκα]
2176 1676 2468 1760 ἐπίτεκα,

188 1804 488 1900 aliaque
541 1805 723 1877 item
771 1806 968 1877 bona
1010 1805 1214 1878 haud
1247 1830 1422 1879 sane
1459 1804 1716 1879 multa.
1815 1831 1952 1879 nec
1988 1809 2258 1880 desunt
2308 1829 2475 1901 pro-

187 1934 570 2029 perantius
605 1943 914 2022 mutata,
974 1943 1058 2007 ut
1105 1929 1167 2007 A
1207 1935 1275 2007 8.
1324 1934 1468 2008 133
1506 1933 2058 2034 σπουδαιέστερα]
2107 1935 2473 2008 σπουδαιόη

187 2089 364 2162 τερα,
424 2064 529 2137 32
567 2062 888 2137 πλουσίου
925 2064 1036 2135 καὶ
1072 2060 1387 2164 ἀνόλβου]
1421 2061 1751 2135 πλουσίου
1786 2065 1897 2134 καὶ
1933 2059 2271 2165 ἀνολβίου,
2325 2060 2389 2136 Β
2429 2066 2473 2135 6

188 2192 415 2290 ἡμέες,
448 2192 733 2265 ibidem
755 2190 891 2287 ἐόν]
916 2190 1067 2264 ἐών.
1127 2200 1203 2264 at
1229 2190 1642 2264 laudandus
1673 2217 1848 2265 sane
1878 2201 1988 2265 est
2010 2190 2262 2287 aliqua
2284 2201 2477 2265 certe

123 2337 141 2356 ·
190 2347 280 2394 ex
315 2331 532 2417 parte
583 2323 784 2417 quod
825 2321 906 2393 in
955 2320 1449 2394 declinatione
1495 2323 1886 2395 verborum
1936 2321 2017 2394 in
2070 2346 2173 2393 αω
2226 2331 2478 2394 aucto-

190 2451 484 2525 ritatem
530 2453 597 2523 G
628 2451 1046 2525 correctoris
1084 2450 1210 2523 hic
1246 2449 1407 2523 11110
1441 2475 1574 2545 per
1608 2449 1884 2523 librum
1922 2451 2268 2546 primum,
2318 2474 2477 2524 sae-

195 2582 357 2676 pius
408 2583 564 2654 iam
615 2606 746 2676 per
788 2589 1071 2676 partem
1122 2580 1296 2653 libri
1346 2581 1676 2669 secundi,
1728 2579 1953 2676 plane
2005 2590 2253 2654 autem
2304 2606 2478 2654 con-

194 2719 472 2784 stanter
507 2712 682 2785 inde
715 2708 867 2783 fere
912 2735 957 2783 a
990 2706 1054 2781 B
1093 2712 1189 2784 66
1243 2709 1789 2805 derelinquens,
1839 2738 1897 2781 ω
1948 2736 2043 2783 ex
2093 2736 2199 2783 αω
2237 2736 2318 2782 αο
2352 2735 2477 2783 αου

196 2841 592 2914 conflatam
627 2863 778 2912 non
815 2842 898 2913 in
934 2864 1049 2923 εω,
1096 2841 1248 2928 sed,
1296 2841 1494 2936 quod
1531 2848 1606 2913 et
1640 2840 1830 2913 ratio
1866 2842 2216 2935 poscebat
2250 2848 2327 2912 et
2361 2866 2479 2912 ce-

197 2971 330 3042 teri
359 2970 740 3057 addicunt,
777 2969 858 3041 in
885 2995 960 3041 εο
988 2967 1343 3042 dissolvit.
1428 2993 1651 3065 quam
1680 2969 1869 3041 mihi
1894 2970 2254 3042 rationem
2284 2970 2480 3063 quod

196 3099 611 3194 significavi
655 3122 810 3171 non
859 3099 1062 3172 omni
1108 3124 1203 3171 ex
1238 3106 1444 3193 parte
1479 3098 1798 3194 probari,
1835 3095 2031 3172 infra
2065 3095 2475 3171 defendam.

202 3226 394 3302 illud
417 3254 518 3301 ne
545 3229 671 3301 hic
698 3229 997 3323 quidem
1027 3229 1668 3324 praetereundum,
1698 3229 1896 3322 quod
1922 3229 2252 3315 verbum,
2284 3228 2481 3322 quod

199 3366 308 3430 est
353 3355 690 3458 χρᾶσθαι,
762 3357 970 3430 ouius
1020 3359 1113 3430 de
1164 3357 1487 3430 flexione
1537 3356 1962 3431 Herodotea
2022 3381 2173 3429 non
2237 3365 2484 3452 potest

202 3485 356 3558 ulla
403 3510 568 3560 esse
616 3486 982 3559 dubitatio
1032 3487 1217 3581 quin
1271 3511 1505 3559 unum
1554 3512 1596 3559 e
1655 3495 1765 3559 tot
1811 3485 2181 3558 similibus
2231 3514 2290 3556 ω
2341 3485 2484 3558 oir-

201 3616 643 3689 cumflexam
674 3616 948 3689 habeat
981 3616 1356 3689 diductam
1390 3616 1473 3691 in
1508 3641 1627 3705 εω,
1665 3615 1747 3688 111
1782 3614 1924 3687 1100
1950 3588 2198 3689 tamen
2235 3615 2481 3688 codice

205 3746 293 3816 ad
341 3755 754 3819 ceterorum
803 3744 1222 3841 analogiam
1270 3754 1694 3819 revocatum
1739 3741 2063 3841 praefert
2108 3768 2217 3816 eo:
2284 3745 2483 3839 quod

205 3876 295 3946 ab
331 3873 858 3970 interpolatore
894 3899 1053 3948 esse
1090 3876 1263 3948 inde
1297 3876 1385 3947 fit
1420 3874 1934 3962 certissimum,
1964 3875 2162 3968 quod
2196 3874 2261 3946 is
2287 3874 2485 3969 pari—

208 4014 314 4076 ter
361 4030 450 4076 ac
499 4005 723 4078 ceteri
772 4005 852 4076 in
900 4003 1093 4079 libro
1144 4004 1381 4100 primo
1427 4012 1503 4078 et
1548 4013 1756 4099 parte
1796 4003 2101 4077 secundi
2152 4000 2485 4101 χρέωνται

212 4133 512 4221 viciens,
547 4138 849 4232 χρῶνται
883 4135 1023 4222 bis,
1062 4132 1400 4232 ἐχρέωντο
1436 4132 1577 4220 bis,
1619 4135 2008 4233 χρεώμενος
2043 4131 2486 4204 duodeciens

212 4270 412 4336 tenet
429 4318 451 4350 ,
502 4263 698 4335 idem
750 4262 923 4335 inde
974 4288 1019 4335 a
1067 4258 1132 4334 B
1171 4265 1264 4335 77
1319 4272 1608 4335 mutato
1649 4249 1963 4356 'repente
2014 4259 2325 4334 consilio
2378 4257 2487 4332 al-

215 4400 443 4465 teram
519 4391 988 4487 persequitur
1094 4391 1440 4465 fiectendi
1516 4391 1880 4464 rationem
1959 4413 2089 4487 per
2162 4387 2488 4483 reliquos

217 4517 442 4592 libros
490 4530 644 4593 tam
688 4521 1162 4615 pertinaciter
1180 4576 1198 4608 ‚
1259 4530 1345 4594 ut
1393 4521 1475 4592 in
1524 4521 1964 4595 creberrima
2011 4518 2237 4592 huius
2284 4517 2490 4593 verbi
