3059 5125
588 280 671 342 22
1520 278 1923 341 -E-

585 453 871 550 περιεὼν
909 449 1256 552 ἐβασίλευε
1294 449 1465 524 ἀλλὰ
1492 451 2014 550 ἐτετελευτήκεε,
2046 449 2449 550 Κλεομένης
2475 452 2548 523 δὲ
2575 454 2611 521 ὁ
2638 445 2811 522 Ἀνα-

589 571 954 670 Εανδρίδεω
1010 570 1153 667 εἶχε
1206 574 1329 668 τὴν
1381 571 1783 672 βασιληίην,
1842 572 1922 643 οὐ
1981 561 2124 642 κατ’
2177 568 2632 669 ἀνδραγαθίην
2665 574 2814 667 σχὼν

589 688 767 762 ἀλλὰ
800 687 970 762 κατὰ
1006 688 1219 784 γένος.
1282 682 1771 788 Ἀναξανδρίδῃ
1802 689 1928 789 γὰρ
1960 689 2180 787 ἔχοντι
2206 693 2482 785 γυναῖκα
2517 688 2817 786 ἀδελφεῆς

590 809 844 882 ἑωυτοῦ
873 807 1246 907 θυγατέρα,
1296 811 1405 881 καὶ
1440 807 1694 906 ἐούσης
1726 811 1977 907 ταύτης
2014 811 2077 880 οἱ
2115 809 2568 906 καταθυμίης,
2623 807 2820 886 παῖδες

591 929 712 1001 οὑκ
768 928 1087 1023 ἐγίνοντο.
1185 929 1425 999 τούτου
1483 927 1559 1000 δὲ
1603 930 1905 1000 τοιούτου
1958 928 2225 1015 ἐόντος,
2279 930 2341 1000 οἱ
2395 927 2624 1025 ἔφοροι
2659 926 2817 1000 εἶπαν
2863 944 2882 989 ⁵

591 1045 1136 1139 ἐπικαλεσάμενοι
1174 1044 1373 1118 αὐτὸν
1420 1033 1539 1119 αεἴ
1581 1071 1684 1118 τοι
1731 1048 1815 1119 σὺ
1864 1053 2160 1120 σεωυτοῦ
2200 1048 2296 1144 μὴ
2331 1049 2652 1145 προορᾷς,
2685 1034 2812 1117 ἀλλ’

588 1168 752 1264 ἡμῖν
787 1155 966 1237 τοῦτ’
1026 1164 1168 1237 ἐστὶ
1214 1166 1295 1236 οὐ
1330 1166 1727 1264 ’περιοπτέον
1745 1225 1763 1254 ,
1814 1167 2007 1264 γένος
2057 1168 2135 1238 τὸ
2169 1163 2626 1263 Εὐρυσθένεος
2660 1163 2817 1261 γενέ-

590 1284 749 1357 σθαι
785 1283 1109 1381 ἐξίτηλον.
1176 1285 1281 1368 ἡσύ
1336 1309 1451 1354 νυν
1503 1287 1626 1383 τὴν
1667 1283 1787 1379 μὲν
1825 1284 2008 1383 ἔχεις
2041 1288 2347 1381 γυναῖκα,
2387 1283 2601 1356 ἐπείτε
2637 1311 2730 1355 τοι
2757 1283 2818 1352 οὐ

589 1407 824 1488 τίκτει,
872 1401 1053 1490 ἔξεο,
1107 1401 1323 1499 ἄλλην
1378 1401 1453 1474 δὲ
1499 1411 1720 1503 γῆμον
1743 1428 1758 1442 ·
1834 1407 1943 1476 καὶ
1977 1405 2228 1476 ποιέων
2267 1409 2475 1476 ταῦτα
2510 1402 2816 1500 Σπαρτιή-

589 1545 746 1618 τῃσι
783 1507 1113 1618 ἀδήσεις.”
1178 1522 1213 1591 ὁ
1252 1509 1316 1593 δ’
1364 1517 1679 1621 ἀμείβετο
1716 1522 1847 1619 φὰς
1882 1524 2136 1593 τούτων
2171 1520 2491 1619 οὐδέτερα
2518 1525 2814 1617 ποιήσειν,
2845 1540 2884 1588 ιο

591 1638 881 1718 ἐκείνους
914 1664 988 1711 τε
1026 1637 1106 1708 οὐ
1157 1639 1382 1720 καλῶς
1434 1639 1910 1740 συμβουλεύειν
1965 1640 2480 1739 παραινέοντας,
2533 1643 2654 1738 τὴν
2699 1638 2818 1734 ἔχει

592 1759 869 1853 γυναῖκα
902 1756 1146 1830 ἐοῦσαν
1202 1755 1674 1856 ἀναμάρτητον
1711 1759 1948 1855 ἑωυτῷ
1964 1817 1982 1844 ,
2036 1762 2286 1857 ταύτην
2338 1757 2586 1832 ἀπέντα
2633 1757 2817 1852 ἀλλην

477 1887 559 1949 40
591 1874 1076 1971 ἐσαγαγέσθαι·
1135 1875 1293 1947 οὐδέ
1329 1903 1446 1973 σφι
1480 1877 1852 1950 πείσεσθαι.
1927 1880 2097 1976 πρὸς
2131 1885 2342 1950 ταῦτα
2377 1881 2440 1949 οἱ
2478 1877 2700 1974 ἔφοροι
2731 1876 2816 1945 καὶ

479 2952 552 3011 41

593 1996 654 2066 οί
709 1993 1013 2093 γέροντες
1080 1994 1607 2095 βουλευσάμενοι
1669 1997 2086 2096 προσέφερον
2134 1986 2619 2094 Ἀναξανδρίδῃ
2666 1993 2812 2064 τάδε.
2989 2048 2993 2055 .

580 2100 781 2186 “fimi
833 2117 1052 2185 τοίνυν
1115 2139 1218 2185 τοι
1283 2117 1761 2213 περιεχόμενόν
1815 2141 1890 2188 σε
1927 2116 2207 2213 ὁρέομεν
2244 2125 2366 2215 τῆς
2403 2115 2586 2211 ἔχεις
2625 2137 2814 2210 γυναι·
2842 2132 2882 2180 15
2991 2167 2992 2172 ,

593 2233 728 2319 κός,
768 2233 850 2303 σὺ
886 2230 962 2304 δὲ
997 2238 1207 2304 ταῦτα
1240 2237 1462 2321 ποίεε,
1500 2234 1611 2304 καὶ
1648 2237 1743 2331 μὴ
1781 2231 2116 2335 ἀντίβαινε
2149 2237 2483 2321 τούτοισι,
2523 2231 2621 2305 ἵνα
2654 2235 2738 2328 μή
2767 2256 2815 2299 τι

594 2347 865 2421 ἀλλοῖον
923 2353 1077 2448 περὶ
1138 2357 1259 2422 σεῦ
1313 2350 1730 2451 Σπαρτιῆται
1781 2352 2298 2453 βουλεύσωνται.
2390 2356 2679 2451 γυναικὸς
2723 2347 2816 2443 μὲν

591 2476 715 2567 τῆς
749 2466 930 2565 ἔχεις
965 2468 1047 2541 οὐ
1092 2469 1571 2567 προσδεόμεθά
1621 2496 1738 2544 σευ
1787 2482 1908 2572 τῆς
1945 2471 2195 2552 ἐξέσιος
2221 2496 2235 2509 ·
2309 2474 2393 2546 σὺ
2433 2471 2730 2567 δέταύτῃ
2760 2492 2815 2537 τε

591 2588 804 2660 πάντα
840 2589 970 2660 ὅσα
1005 2594 1120 2659 νῦν
1152 2588 1474 2687 παρέχεις
1517 2591 1772 2688 πάρεχε
1830 2595 1937 2663 καὶ
1989 2590 2205 2688 ἄλλην
2242 2596 2414 2690 πρὸς
2448 2594 2648 2687 ταύτῃ
2683 2587 2813 2660 ἐσά-

592 2730 756 2804 γαγε
804 2709 1079 2803 γυναῖκα
1129 2697 1571 2781 τεκνοποιόν.”
1650 2711 1860 2781 ταῦτά
1900 2735 1986 2807 κῃ
2039 2710 2370 2805 λεγόντων
2424 2713 2813 2805 συνεχώρησε
2837 2722 2882 2771 n
2991 2760 2992 2795 3

593 2828 628 2895 ὁ
669 2818 1232 2923 Ἀναξανδρίδης,
1292 2826 1462 2920 μετὰ
1514 2825 1590 2899 δὲ
1641 2831 1953 2923 γυναῖκας
2006 2826 2185 2925 ἔχων
2239 2828 2358 2898 δύο
2418 2827 2596 2909 διξὰς
2643 2828 2814 2901 ἱστίας

594 2944 803 3031 οἴκεε,
851 2943 1100 3014 ποιέων
1150 2944 1469 3038 οὐδαμῶς
1517 2944 1996 3043 Σπαρτιητικά.
2085 2950 2331 3045 χρόνου
2375 2946 2451 3019 δὲ
2487 2946 2566 3017 οὐ
2596 2943 2812 3016 πολλοῦ

596 3060 974 3142 διελθόντος
1020 3064 1067 3161 ἠ
1117 3063 1471 3161 ἐσύστερον
1510 3064 1891 3138 ἐπελθοῦσα
1927 3067 2094 3163 γυνὴ
2127 3070 2329 3138 τίκτει
2362 3068 2475 3137 τὸν
2513 3067 2593 3162 δὴ
2627 3059 2811 3134 Kleo-

596 3181 799 3274 μένεα
844 3185 1101 3254 τοῦτον.
1198 3185 1308 3255 καὶ
1354 3181 1526 3281 αὕτη
1588 3209 1660 3255 τε
1723 3182 2003 3281 έπεδρον
2055 3184 2345 3284 βασιλέα
2393 3183 2810 3282 Σπαρτιήτῃσι

595 3299 960 3398 ἀπέφαινε,
1015 3303 1123 3372 καὶ
1178 3302 1224 3398 ἡ
1277 3299 1572 3400 προτέρη
1629 3305 1796 3401 γυνὴ
1833 3305 1945 3373 τὸν
1983 3306 2303 3401 πρότερον
2338 3306 2579 3401 χρόνον
2613 3299 2810 3374 ἄτοκος
2834 3313 2880 3364 25

594 3420 800 3493 ἐοῦσα
836 3423 986 3493 τότε
1022 3447 1159 3501 κως
1191 3419 1437 3518 ἐκύησε
1457 3477 1474 3507 ,
1524 3425 1841 3519 συντυχίῃ
1894 3423 2105 3519 ταύτῃ
2145 3421 2577 3521 χρησαμένη.
2642 3417 2807 3514 ἔχου-

799 3762 848 3812 4.
888 3757 1208 3814 Eustathius
1231 3757 1299 3812 11.
1328 3775 1381 3830 p.
1416 3759 1530 3811 149.
1559 3786 1628 3798 -
1657 3758 1739 3811 18.
1777 3710 1922 3812 ἰάσω
1947 3757 2054 3813 Οὰ.
2091 3774 2142 3829 p.
2175 3760 2324 3812 1667.
2355 3788 2426 3799 -
2447 3761 2528 3812 24.
2567 3756 2730 3819 Λίξῑίς.
2751 3779 2806 3791 -

694 3831 779 3881 25.
818 3827 1016 3884 Pollux
1042 3827 1134 3882 111
1159 3829 1226 3880 49

697 4018 746 4069 2.
788 4015 848 4069 οὐ
882 4015 1014 4069 κατὰ
1038 4034 1081 4079 z,
1112 4013 1209 4068 οὐκ
1232 4015 1271 4068 d
1313 4017 1336 4079 ΙΙ
1388 4016 1436 4066 5.
1479 4013 1534 4067 οἶ
1557 4015 1596 4068 d
1636 4017 1659 4080 ΙΙ
1706 4016 1753 4067 6.
1795 4013 1875 4084 εἴη
1901 4033 1978 4068 τοι
2004 4015 2061 4068 σὺ
2095 4015 2151 4079 Ο,
2180 4015 2227 4067 εἴ
2248 4033 2297 4067 τι
2362 4015 2376 4034 ’

595 4084 807 4149 ἔστιΒ,
843 4082 988 4137 τοῦτ’
1013 4082 1202 4136 ἐστιν’·
1269 4085 1291 4147 ΙΙ
1361 4078 1653 4152 Εὐρυσθέος
1678 4101 1705 4135 z
1771 4082 1795 4151 ΙΙ
1867 4084 1915 4136 8.
1955 4086 2050 4148 τοι]
2081 4084 2131 4135 οἱ
2155 4084 2194 4135 ἅ
2256 4086 2281 4149 η

596 4153 742 4207 ἐκσέο
767 4153 879 4206 sive
906 4153 966 4207 ἐκ
989 4152 1076 4204 σέο
1101 4150 1328 4216 codices,
1359 4151 1419 4204 ἐκ
1441 4149 1544 4215 σέο,
1575 4150 1700 4211 ἄπες
1724 4170 1766 4204 z.
1799 4150 1902 4213 ἷξες
1925 4150 2052 4204 Eltz
2167 4151 2319 4223 γήμω
2795 4211 2800 4219 ,

593 4240 619 4274 z
664 4225 687 4287 η
738 4223 818 4273 14.
861 4219 1358 4291 συμβουλευσάμενοι
1382 4220 1513 4324 damn
1564 4220 1644 4272 15.
1686 4220 1898 4293 ὁρέομεν
1926 4219 2004 4275 P:
2043 4220 2242 4292 ὁρῶμεν
2266 4221 2424 4287 ΑΒν,
2452 4221 2653 4291 ὁρέωμεν
2679 4214 2792 4277 ωῑ.

597 4342 677 4392 17.
720 4339 768 4393 οἱ
796 4337 1161 4413 Σπαρτιῆταιι
1207 4342 1229 4405 ΙΙ
1280 4341 1360 4392 18.
1401 4338 1588 4400 ἐξέσιος
1619 4340 1668 4394 0
1705 4343 1727 4405 ΙΙ
1777 4342 1859 4392 19.
1897 4345 2115 4410 γυναῖκα
2138 4339 2194 4393 ἑο

592 4426 619 4461 z
662 4411 688 4474 11
736 4409 818 4459 23.
862 4407 1065 4480 ὕστερον
1090 4406 1480 4463 ‘malsonus’
1529 4412 1552 4475 ῃ
1599 4410 1682 4460 24.
1725 4408 2010 4481 ἔφεδρονῑ,
2053 4411 2077 4474 fl
2125 4410 2209 4462 25.
2246 4408 2523 4480 ἀπέφηνεΡ
