3059 5125
1173 327 1468 385 Praefatio.
2394 345 2461 394 LI

199 506 488 605 ιγενέατο
534 502 594 578 Α
648 508 797 580 214
819 562 840 594 ,
904 506 1132 580 semel
1196 509 1421 580 etiam
1474 503 1537 578 H
1595 508 1735 579 147
1805 508 2116 581 aoristus
2178 506 2461 600 primus

200 634 481 709 ἐσινέατο
515 659 652 730 pro
685 634 1012 709 ἐσίναντο.
1092 661 1267 709 nam
1303 633 1646 719 ἀπικέατο,
1690 633 1884 731 quod
1920 635 2323 708 terdeciens
2357 632 2464 707 le-

197 765 385 858 gitur
420 789 555 860 pro
591 761 905 840 ἀπίκοντο
942 776 1072 839 aut
1097 787 1232 862 pro
1261 763 1565 849 ἀπίκατο,
1608 764 2005 838 undeciens
2042 765 2467 859 importavit

198 903 545 967 corrector
582 894 646 967 C
698 890 781 990 (A
830 895 943 968 15.
993 896 1158 968 152.
1210 895 1376 969 169.
1433 892 1700 968 Δ.203.
1760 889 1819 965 E
1859 895 1955 968 98
1992 894 2130 967 bis.
2187 894 2287 967 99
2322 896 2457 968 bis.

199 1020 248 1094 Z
277 1024 385 1096 16.
429 1021 457 1095 Ι
492 1026 612 1097 17.
649 1022 796 1120 55),
832 1025 948 1096 bis
976 1024 1219 1097 Aldus
1258 1021 1349 1120 (H
1387 1025 1552 1096 118.
1595 1022 1791 1119 131),
1828 1024 1941 1095 uti
1976 1019 2462 1125 πιριεβαλέατο

199 1146 252 1221 Ε
285 1153 418 1238 24,
467 1149 806 1225 ἐποθέατο
844 1149 908 1223 Η
953 1155 1095 1226 172
1134 1162 1423 1227 tantum
1459 1154 1542 1226 in
1580 1152 1728 1225 PR
1771 1161 1963 1225 sunt.
2056 1175 2247 1247 quae
2283 1152 2470 1225 vidit

195 1279 508 1354 Dindorf
534 1282 784 1354 omnia
817 1305 974 1356 esse
1006 1281 1474 1378 interpolata.
1540 1284 1796 1356 eodem
1831 1301 2051 1377 porro
2077 1305 2171 1354 ex
2197 1303 2466 1376 genere

195 1419 296 1483 est
328 1409 735 1484 ἐστιλάδατο
767 1408 830 1482 H
864 1412 985 1499 90,
1025 1413 1235 1485 cuius
1270 1410 1431 1484 loco
1467 1412 1548 1484 in
1585 1412 1661 1484 R
1696 1409 1919 1506 paulo
1957 1409 2227 1488 cultius
2263 1409 2465 1484 ἐστα-

197 1537 451 1613 λάδατο.
550 1541 678 1612 sed
726 1540 1142 1634 praesentia
1189 1538 1515 1640 κηὸέαται
1567 1536 1627 1612 Α
1667 1541 1817 1614 209
1838 1595 1857 1627 ,
1912 1533 2191 1638 ἀγέαται
2240 1536 2304 1611 Β
2342 1542 2465 1625 47,

199 1664 565 1765 ἀπαγέαται
601 1664 665 1740 Β
704 1671 800 1744 67
854 1671 1180 1766 itemque
1214 1667 1485 1744 falsum
1537 1667 1920 1743 ἐκδιδόαται
1954 1663 2019 1740 Β
2056 1670 2152 1744 47
2203 1678 2378 1742 sunt
2424 1694 2470 1740 a

197 1806 594 1871 correctore
652 1798 735 1870 0.

386 1927 652 2000 Minus
688 1927 912 2000 etiam
948 1951 1171 2024 quam
1209 1931 1421 2024 epica
1444 1927 1875 2023 suspitionis
1911 1928 2192 2000 habent
2216 1927 2470 2015 clm-ica,

197 2079 374 2150 quae
436 2057 915 2152 quantumvis
979 2084 1025 2130 a
1085 2058 1438 2131 sermonis
1461 2058 1938 2153 proprietate
1997 2057 2474 2130 abhorrentia

196 2183 543 2280 leguntur
576 2194 825 2259 tamen
860 2185 1140 2282 aliqua,
1188 2211 1378 2283 quae
1414 2189 1795 2283 postmodo
1839 2187 2300 2260 immiscendi
2334 2212 2471 2262 nec

199 2338 404 2387 causa
433 2313 590 2388 fuit
622 2338 758 2388 nec
791 2313 1046 2389 libido.
1137 2319 1265 2390 sed
1298 2314 1595 2389 nullum
1633 2339 1728 2389 ex
1762 2317 1903 2389 hoc
1936 2337 2205 2412 genere
2238 2318 2473 2413 magis

203 2443 584 2518 offensioni
630 2442 781 2518 fuit
829 2468 1052 2541 qnam
1104 2441 1433 2519 ἀνέωνται
1482 2446 1547 2519 Β
1590 2447 1770 2532 165,
1822 2446 2027 2518 varie
2077 2454 2153 2520 et
2199 2443 2476 2519 frustra

203 2581 638 2670 temptatum
691 2584 767 2648 et
817 2576 1104 2670 pridem
1166 2585 1244 2649 et
1288 2576 1429 2649 hac
1480 2584 1744 2649 aetate.
1852 2584 2029 2648 nam
2095 2578 2294 2671 quod
2344 2579 2475 2650 diu

203 2705 526 2777 obtinuit
562 2702 642 2776 in
676 2705 1133 2778 editionibus
1171 2697 1328 2777 ἀλλ’
1373 2702 1683 2777 ἀνέονται
1725 2726 1928 2778 nunc
1972 2716 2282 2800 apparet
2324 2731 2474 2779 non

204 2842 569 2907 vetustum
606 2857 764 2907 esse
799 2857 937 2907 nec
971 2832 1077 2907 sic
1111 2837 1204 2907 ab
1239 2834 1457 2907 initio
1494 2843 1901 2908 correctum
1933 2832 2188 2923 fuisse,
2218 2856 2475 2909 verum

205 2957 371 3033 ἀλλὰ
401 2961 672 3037 νέονται
707 2962 804 3058 (ἐς
837 2964 914 3034 τὸ
953 2962 1298 3061 μάχιμον),
1335 2964 1533 3059 quod
1560 2958 1860 3059 quidem
1888 2964 2225 3036 siminus
2251 2966 2475 3038 ratio-

206 3113 365 3162 nem
392 3100 470 3164 at
499 3099 699 3165 certe
725 3115 1021 3164 sensum
1047 3092 1299 3179 habet,
1329 3112 1551 3188 quem
1576 3090 1769 3165 illud
1795 3116 1949 3165 non
1974 3093 2223 3167 habet.
2282 3097 2477 3189 quod
2506 3100 2519 3111 ’

208 3220 263 3291 si
290 3215 624 3293 ἀνέωνται
659 3220 799 3294 hoc
828 3244 1119 3316 quoque
1157 3222 1457 3294 nomine
1493 3221 1860 3317 displicet,
1900 3225 2097 3318 quod
2123 3223 2186 3294 B
2215 3225 2313 3297 65
2343 3246 2477 3319 pro

210 3357 550 3422 consueto
584 3372 728 3422 usu
762 3350 1042 3446 legitur
1067 3347 1341 3434 ἀνεῖται,
1392 3352 1535 3424 167
1566 3347 1968 3446 ἀνειμένους,
2014 3348 2077 3422 H
2112 3352 2256 3425 103
2296 3349 2475 3425 ἀνει-

214 3475 408 3569 μένοι,
441 3502 595 3550 non
621 3479 856 3552 maior
879 3504 968 3553 ea
993 3476 1493 3575 discrepantia
1520 3488 1632 3553 est
1658 3500 1882 3576 quam
1913 3480 2110 3553 inter
2142 3480 2477 3574 μετείσθω

211 3601 262 3673 Δ
304 3608 398 3679 98
436 3632 524 3680 ac
563 3607 1004 3703 μεμετιμένος
1040 3605 1099 3680 Ε
1145 3610 1311 3682 108.
1354 3608 1408 3682 Ζ
1453 3610 1515 3681 1.
1562 3606 1625 3680 H
1665 3610 1838 3685 229.
1927 3632 2293 3704 quamque
2328 3633 2478 3681 non

213 3732 422 3825 plane
457 3760 508 3809 a
537 3734 811 3809 talibus
844 3734 1202 3832 refugerit
1234 3736 1663 3811 Herodotus
1683 3792 1702 3825 ‚
1757 3736 2217 3811 manifestius
2255 3739 2479 3812 etiam

215 3872 318 3936 est
358 3865 440 3936 in
473 3864 899 3938 nominibus
949 3867 1287 3961 propriis.
1371 3855 1685 3968 Ἀρίσβαν
1721 3862 1782 3938 Α
1828 3868 1962 3940 151
2008 3868 2191 3961 ipse,
2229 3868 2291 3939 si
2329 3892 2482 3940 cre-

217 3993 449 4065 dimus
485 3995 796 4068 Lentzio
831 3997 870 4067 I
907 4018 978 4090 p.
1022 3996 1197 4083 308,
1233 3997 1520 4070 notavit
1552 3995 2026 4068 Herodianus
2064 4004 2150 4068 ut
2184 3996 2265 4068 in
2301 3998 2480 4070 scri-

217 4130 418 4213 ptore
466 4123 730 4196 ionico.
835 4123 1083 4197 insula
1130 4126 1375 4198 dorica
1435 4132 1852 4198 constanter
1909 4133 2209 4198 vocatur
2259 4121 2476 4224 Θήρη.

221 4261 294 4322 at
321 4252 649 4325 eiusdem
683 4253 1017 4340 conditor
1063 4254 1245 4328 item
1289 4262 1706 4327 constanter
1755 4250 1985 4353 Θήρας
2023 4249 2216 4352 Θήρα
2255 4248 2482 4351 Θήραν

222 4375 273 4447 Δ
313 4381 476 4453 147.
540 4383 704 4455 148.
768 4370 944 4456 150.Ι
1002 4386 1255 4482 χρυσὸς
1305 4381 1610 4482 Γυγάδας
1674 4381 2023 4478 delphica
2078 4378 2484 4477 appellatio

225 4516 330 4580 eet
373 4511 448 4583 A
507 4512 618 4583 14.
749 4508 1022 4593 Πολύας
1083 4535 1353 4585 nomen
1411 4512 1737 4585 hominis
1787 4512 2189 4584 Phocensis
2256 4507 2311 4581 Θ
2361 4511 2486 4595 21,

2002 4644 2073 4697 d»
