3059 5125
1098 409 1184 419 ..
1270 373 1339 437 H
1428 411 1513 419 -
1883 344 1898 373 '
2331 378 2450 438 165

186 545 339 617 σθαι
376 544 500 616 αἰεὶ
537 544 719 643 ἔχειν
759 552 876 617 τοῦ
912 550 1308 645 παρεόντος,
1348 548 1704 619 τοιουτέων
1743 547 2237 647 προκειμενέων
2274 577 2448 645 γνω-

189 665 365 758 μέων
398 665 497 736 ὅτι
535 667 654 763 τὴν
693 664 1219 764 σφαλερωτέρην
1249 669 1527 763 σεωυτῷ
1553 692 1627 739 τε
1663 671 1771 739 καὶ
1805 665 2109 766 Πέρσῃσι
2152 665 2445 768 ἀναιρέο.

184 791 292 854 νῦν
331 783 460 873 ὧν,
515 784 750 883 ἐπειδὴ
802 786 1125 884 τέτραψαι
1176 785 1287 859 ἐπὶ
1323 789 1447 885 τὴν
1488 785 1776 881 ἀμείνω,
1826 786 1962 886 φῄς
2005 813 2107 858 τοι
2154 789 2443 883 μετιέντι
2475 794 2527 880 β)

185 908 288 975 τὸν
362 897 466 976 ἐπ’
534 894 892 1003 Ἕλληνας
976 905 1214 977 στόλον
1287 906 1636 1002 ἐπιφοιτᾶν
1709 905 1963 1006 ὄνειρον
2037 906 2200 979 θεοῦ
2272 934 2449 987 τινος

128 1046 153 1093 5
183 1027 453 1124 πομπῇ,
527 1024 649 1095 οὐκ
693 1025 916 1097 ἐῶντά
990 1050 1067 1097 σε
1129 1026 1476 1098 καταλύειν
1534 1028 1648 1097 τὸν
1712 1027 1971 1098 στόλον.
2067 1016 2220 1100 ἀλλ’
2289 1027 2445 1101 οὐδὲ

184 1145 382 1216 ταῦτά
442 1145 581 1220 ἐ’στι
643 1148 702 1215 ὦ
762 1149 891 1215 παῖ
957 1144 1128 1216 θεῖα.
1249 1145 1521 1218 ἐνύπνια
1585 1145 1710 1244 γὰρ
1773 1144 1855 1217 τὰ
1917 1146 1987 1228 ἐς
2048 1144 2446 1247 ἀνθρώπους

108 1306 113 1311 ·
183 1263 661 1363 πεπλανημένα
715 1263 988 1336 τοιαῦτά
1042 1264 1182 1337 ἐστι
1238 1264 1347 1336 οἷά
1398 1291 1474 1339 σε
1539 1266 1676 1362 ἐγὼ
1739 1267 2021 1355 διδάξω,
2083 1265 2261 1341 ἔτεσι
2323 1273 2443 1339 σεδ

181 1383 481 1455 πολλοῖσι
556 1383 1012 1483 πρεσβύτερος
1082 1384 1234 1457 ε’ών.
1339 1384 1816 1485 πεπλανῆσθαι
1887 1385 2082 1458 αὗται
2155 1386 2458 1480 μάλιστα·

182 1503 430 1576 ἐώθασι
479 1504 545 1576 αἱ
603 1504 790 1600 ὄψιες
837 1510 969 1573 τῶν
1025 1502 1420 1602 ὀνειράτων,
1473 1504 1557 1575 τά
1614 1530 1712 1586 τις
1760 1506 2030 1605 ἡμέρης
2069 1507 2440 1605 φροντίζει·

100 1642 151 1691 10
181 1623 372 1720 ἡμεῖς
419 1621 493 1695 δὲ
546 1621 664 1703 τὰς
709 1626 841 1721 πρὸ
893 1628 1010 1694 τοῦ
1049 1623 1310 1722 ἡμέρας
1345 1626 1599 1723 ταύτην
1637 1628 1760 1723 τὴν
1801 1624 2299 1725 στρατηλασίην
2337 1628 2444 1696 καὶ

180 1745 247 1813 τὸ
282 1741 483 1839 κάρτα
537 1743 809 1839 εἴχομεν
852 1743 1018 1836 μετὰ
1052 1747 1302 1841 χεῖρας.
1378 1744 1436 1816 εἰ
1472 1744 1546 1816 δὲ
1585 1743 1716 1844 ἄρα
1753 1750 1848 1844 μή
1890 1745 2030 1817 ἐστι
2066 1752 2265 1817 τοῦτο
2301 1770 2438 1816 τοι-
2472 1750 2528 1835 γ)

182 1868 324 1933 οῦτο
367 1860 503 1933 οἷον
548 1862 685 1959 ἐγὼ
725 1862 1035 1962 διαιρέω,
1096 1860 1270 1934 ἀλλά
1321 1888 1383 1933 τι
1435 1870 1553 1934 τοῦ
1591 1864 1752 1936 θεοῦ
1812 1864 2135 1961 μετέχον,
2193 1866 2274 1937 σὺ
2310 1868 2442 1936 πᾶν

183 1981 332 2052 αὐτὸ
374 1981 725 2081 συλλαβὼν
766 1983 1074 2080 εἴρηκας·
1151 1986 1440 2079 φανήτω
1485 1980 1610 2081 γὰρ
1667 1984 1752 2082 δὴ
1792 1988 1899 2056 καὶ
1948 1984 2101 2078 ἐμοί
2116 2042 2135 2072 ,
2195 1986 2290 2063 ὡς
2334 1988 2443 2054 καὶ

183 2106 313 2188 σοί,
374 2101 955 2195 διακελευόμενον·
1040 2109 1328 2201 φανῆναι
1378 2100 1451 2173 δὲ
1501 2101 1695 2174 οὐδὲν
1738 2103 1994 2197 μᾶλλόν
2036 2131 2147 2197 μοι
2188 2103 2441 2199 ὀφείλει

104 2242 153 2291 15
184 2220 395 2317 ἔχοντι
440 2225 559 2319 τὴν
613 2223 741 2317 σὴν
796 2220 1056 2320 ἐσθῆτα
1106 2220 1150 2318 ἢ
1207 2220 1285 2293 οὐ
1335 2225 1439 2292 καὶ
1491 2226 1613 2320 τὴν
1651 2221 1852 2320 ἐμήν,
1891 2221 2050 2294 οὐδέ
2085 2248 2145 2294 τι
2181 2221 2438 2316 μᾶλλον

184 2338 245 2410 ἐν
282 2344 463 2437 κοίτῃ
518 2343 606 2438 τῇ
655 2340 744 2436 σῇ
785 2337 1283 2438 ἀναπαυομένῳ
1319 2341 1365 2439 ἢ
1407 2340 1485 2411 οὐ
1525 2343 1633 2413 καὶ
1669 2341 1738 2414 έν
1774 2344 1857 2440 τῇ
1897 2341 2031 2439 ἐμῇ
2055 2400 2073 2430 ,
2111 2343 2176 2413 εἴ
2206 2340 2333 2440 πέρ
2367 2368 2442 2437 γε

183 2462 277 2529 καὶ
331 2456 559 2538 ἄλλως
600 2458 826 2530 ἐθέλει
879 2469 1193 2559 φανῆναι.
1282 2461 1360 2531 οὐ
1407 2459 1533 2559 γὰρ
1582 2463 1667 2559 δὴ
1728 2460 1798 2541 ές
1845 2463 2123 2533 τοσοῦτό
2160 2487 2237 2557 γε
2273 2461 2440 2561 εὐη-

184 2577 361 2677 θείης
391 2575 620 2676 ἀνήκει
656 2585 892 2668 τοῦτο,
943 2581 982 2650 ὅ
1015 2605 1077 2651 τι
1113 2581 1199 2677 δή
1242 2582 1392 2654 κοτέ
1429 2580 1604 2668 ἐστι,
1659 2583 1735 2652 τὸ
1786 2581 2299 2678 ἐπιφαινόμενόν
2338 2607 2442 2652 τοι

185 2697 376 2794 ἐντῷ
404 2695 626 2795 ὕπνῳ,
677 2701 853 2771 ὥστε
900 2698 1070 2778 δόξει
1118 2697 1242 2793 ἐμὲ
1290 2699 1480 2798 ὁρέον
1536 2698 1613 2770 σὲ
1651 2699 1867 2789 εἶναι,
1926 2705 2012 2799 τῇ
2061 2703 2150 2799 σῇ
2202 2699 2442 2801 ἐσθῆτι

106 2838 158 2886 20
186 2821 707 2916 τεκμαιρόμενον.
797 2818 853 2896 εἰ
905 2817 981 2890 δὲ
1030 2818 1154 2912 ἐμὲ
1220 2817 1342 2913 μὲν
1420 2819 1490 2890 ἐν
1569 2818 1786 2889 οὐδενὶ
1844 2820 2028 2916 λόγῳ
2085 2824 2441 2919 ποιήσεται

187 2935 328 3008 οὐδὲ
387 2933 655 3016 ἀξιώσει
683 2930 1157 3036 ἐπιφανῆναι,
1228 2935 1380 3009 οὔτε
1436 2937 1521 3035 ἢν
1571 2942 1693 3036 τὴν
1748 2938 1920 3037 ἐμὴν
1981 2938 2240 3037 ἐσθῆτα
2296 2936 2440 3035 ἔχω

187 3053 323 3126 οὔτε
368 3056 449 3154 ἢν
504 3059 627 3154 τὴν
683 3061 851 3154 σήν,
904 3055 1063 3128 οὐδὲ
1122 3056 1583 3154 ἐπιφοιτήσει,
1656 3064 1851 3128 τοῦτο
1901 3058 2039 3156 ἤδη
2096 3055 2440 3154 μαθητέον

189 3169 388 3246 ἔσται·
472 3177 531 3248 εί
580 3176 708 3273 γὰρ
768 3176 854 3274 δὴ
901 3175 1322 3274 ἐπιφοιτήσει
1377 3202 1455 3274 γε
1505 3177 1874 3273 συνεχέως,
1936 3181 2144 3274 φαίην
2200 3173 2279 3248 ἂν
2331 3177 2440 3246 καὶ

190 3290 368 3375 αὐτὸς
413 3294 598 3366 θεῖον
662 3293 849 3367 εἶναι.
940 3296 997 3368 εί
1048 3296 1122 3366 δέ
1178 3321 1281 3366 τοι
1335 3294 1514 3367 οὕτω
1566 3295 1922 3395 δεδόκηται
1978 3294 2278 3390 γίνεσθαι
2330 3295 2440 3366 καὶ

112 3429 162 3479 25
193 3411 296 3481 οὐκ
338 3411 443 3485 οἷά
485 3439 559 3486 τε
616 3413 780 3486 αὐτὸ
831 3411 1293 3512 παρατρέψαι,
1337 3406 1491 3485 ἀλλ’
1536 3413 1674 3513 ἤδη
1718 3412 1826 3484 δεῖ
1853 3413 1977 3508 ἐμὲ
2015 3414 2084 3485 ἐν
2120 3409 2436 3512 κοί-πῃπῇ

371 3706 417 3756 6.
459 3702 784 3757 Eustathius
811 3702 879 3757 11.
909 3721 963 3774 p.
996 3703 1061 3753 48

233 3905 242 3919 ¹
287 3841 323 3890 Ι.
358 3841 575 3893 τουτέων
603 3841 738 3894 PRz
796 3843 819 3904 ΙΙ
886 3838 1458 3909 προσκειμενέων,ΑΒ,
1500 3841 1849 3909 προκειμένων
1877 3841 1937 3892 ds:
1969 3843 2020 3922 ,ΙΙ
2077 3842 2126 3890 2.
2171 3838 2438 3910 σφαλερω-

193 3908 1055 4043 ἶἝηέᾝὲτῗΞὲῐ-ῗῗῖᾘῖἷᾍὲῑῖὲ,
1071 3909 1363 4030 ῗῖἒῑοῗὶεῖ
1389 3911 1425 4043 ιῗΙ
1471 3907 2439 4041 3²Zssss23hffis1¹le2⁰afflss⁰¹ff1&3²25

194 4052 239 4094 et
255 4053 344 4097 τῶν
368 4064 471 4099 om.
502 4045 560 4097 R
614 4049 639 4112 ΙΙ
704 4047 779 4097 11.
823 4053 922 4118 ἄρα
949 4047 1075 4106 ΑΒ,
1107 4045 1201 4115 ὅρα
1228 4047 1284 4099 R
1338 4048 1360 4111 ΙΙ
1420 4041 1493 4116 μή
1521 4046 1626 4098 ἔστι
1650 4046 1759 4100 sz
1817 4048 1839 4110 ΙΙ
1896 4050 2122 4098 τοιοῦτον
2149 4044 2218 4108 R,
2247 4044 2439 4097 τοιόνδε

198 4109 259 4161 Pz
298 4119 316 4177 ΙΙ
372 4117 430 4166 12
489 4115 668 4185 διαιρῶ
696 4116 771 4168 Pz
828 4117 850 4179 ΙΙ
909 4114 1050 4168 θείου
1078 4114 1552 4184 Schweighaeuser
1607 4118 1629 4179 ΙΙ
1696 4116 1770 4166 13.
1815 4114 1962 4173 αὐτὸς
1989 4114 2043 4165 R
2101 4117 2123 4180 ΙΙ
2179 4113 2441 4183 ξυλλαβὼν

202 4177 270 4231 Cd
306 4186 326 4248 11
368 4190 596 4256 φανεῖται
618 4201 662 4245 ⁸,
693 4185 1017 4254 φανήσεταιτ
1065 4186 1087 4249 ΙΙ
1137 4184 1201 4254 δὴ
1227 4202 1334 4236 om.
1368 4185 1425 4236 R
1470 4186 1492 4249 ΙΙ
1539 4178 1754 4254 κᾴμοὶκ
1799 4186 1822 4249 [Ι
1876 4186 1953 4235 14.
1997 4183 2055 4234 σὺ
2084 4183 2138 4233 Β
2184 4183 2206 4247 ΙΙ
2259 4184 2336 4233 15.
2380 4181 2438 4236 οὐ

197 4250 565 4307 καὶὸσὴαθῖεῐε
619 4254 735 4306 οὐκὶ
760 4253 962 4315 ABR,
1005 4252 1100 4304 οὐκ
1131 4251 1190 4316 C',
1221 4252 1338 4324 οὐχὶ
1362 4252 1457 4306 Rd
1523 4255 1547 4318 ΙΙ
1623 4256 1700 4304 17.
1742 4252 1978 4305 τοσοῦτόν
2008 4253 2061 4304 R
2130 4255 2152 4317 ΙΙ
2222 4251 2437 4323 εὐηθίης

199 4318 303 4382 ΑΒ,
328 4322 556 4391 εὐηθείας
583 4323 641 4376 R
700 4325 710 4384 Ι
762 4325 842 4375 18.
882 4322 1002 4375 κοτέ
1027 4339 1135 4374 om.
1170 4321 1221 4373 R
1267 4326 1290 4388 ΙΙ
1338 4340 1414 4374 σοι
1440 4322 1494 4373 R
1542 4325 1563 4385 ΙΙ
1615 4324 1693 4372 19.
1736 4324 1868 4392 ὁρῶν
1899 4321 1945 4373 L
1999 4324 2022 4385 ΙΙ
2082 4322 2167 4372 22.
2208 4320 2328 4374 οὐδὲ
2351 4321 2440 4373 καὶ

204 4384 327 4444 Ο,σὲ
348 4390 482 4444 &R
529 4393 551 4455 ΙΙ
599 4411 672 4460 μα
776 4391 859 4443 έον
885 4390 1041 4461 ἧὸηκ
1099 4393 1122 4455 ΙΙ
1170 4392 1251 4442 23.
1297 4391 1687 4444 ἕσταιΑΒΰάε
1728 4391 1832 4444 ἐστί
1877 4392 1899 4455 ΙΙ
1948 4391 2030 4460 δὴ]
2063 4392 2213 4459 μοιά
2255 4393 2277 4454 ΙΙ
2325 4392 2440 4443 ἐπι-

200 4471 269 4570 φοι
304 4459 421 4512 ’σειε
467 4478 493 4512 z
552 4463 575 4526 ΙΙ
647 4478 703 4530 γε
730 4476 836 4512 om.
870 4462 929 4512 ἀι
988 4463 1010 4525 ΙΙ
1070 4462 1153 4512 24.
1196 4460 1428 4513 δέδοκται
1456 4461 1529 4512 Pz
1588 4462 1610 4524 ΙΙ
1673 4463 1754 4512 25.
1797 4460 1912 4546 ἤδη
1929 4459 2008 4512 δεῖ
2033 4460 2126 4527 ἐμὲ
2152 4458 2434 4513 Schaefer:

232 4476 335 4596 ὗηῃή
358 4530 447 4598 ἐμὲ
473 4530 709 4594 ΑῑΒΟά,
739 4528 840 4600 ἤδη
868 4529 985 4600 ἰἠμι
1010 4530 1161 4592 PRz,
1189 4527 1224 4598 ἢ
1251 4528 1354 4600 ἤδη
1383 4530 1475 4599 ἐμὲ
1502 4529 1581 4583 B'2
1604 4546 1772 4599 marg.
1826 4528 1861 4598 ἢ
1891 4536 1969 4582 οεῖ
1993 4529 2086 4599 ἐμὲ
2115 4528 2403 4583 Bekkerus
