3059 5125
1031 347 1437 409 *A-
2270 348 2384 408 107

119 523 251 601 νέες
285 523 765 620 διεφθάρησαν,
807 526 877 594 αἱ
914 521 989 594 δέ
1026 525 1235 596 εἴκοσι
1272 524 1340 594 αἱ
1374 528 1764 619 περιεοῦσαι
1799 524 1973 620 ἦσαν
2016 519 2380 619 ἄχρηστοι·

89 640 580 739 ·ἀπεστράφατο
617 639 741 739 γὰρ
780 643 935 722 τοὺς
971 642 1325 744 ἐμβόλους.
1423 642 1988 721 καταπλώσαντες
2039 640 2113 712 δὲ
2158 640 2229 720 ἐς
2264 644 2384 738 τὴν

109 753 424 858 Ἀλαλίην
467 759 797 861 ἀνέλαβον
836 761 917 833 τὰ
956 761 1153 835 τέκνα
1190 765 1300 835 καὶ
1339 761 1454 843 τὰς
1498 765 1816 860 γυναῖκας
1854 763 1964 833 καὶ
2000 764 2141 859 τὴν.
2162 758 2382 858 ἄλλην

114 890 325 981 κτῆσιν
363 882 535 979 ὅσην
575 879 714 953 οἷαί
759 906 830 953 τε
882 882 1179 979 ἐγίνοντο
1237 885 1304 955 αἱ
1353 884 1499 963 νέες
1553 909 1671 979 σφι
1728 880 1933 977 ἄγειν,
1990 884 2098 952 καὶ
2154 879 2383 952 ἔπειτα

111 1000 372 1082 ἀπέντες
409 1004 534 1099 τὴν
576 998 840 1101 Κύρνον
897 1001 1135 1075 ἔπλεον
1188 1002 1260 1092 ἐς
1288 997 1592 1100 Ῥήγιον.
1687 1009 1819 1073 τῶν
1875 1000 1948 1072 δὲ
1984 1000 2377 1098 διαφθαρει-
2402 1013 2522 1073 167

113 1122 271 1193 σέων
317 1129 495 1193 νεῶν
549 1123 708 1203 τοὺς
762 1120 1007 1220 ἄνδρας
1055 1120 1127 1193 οἵ
1165 1147 1234 1194 τε
1276 1119 1740 1220 Καρχηδόνιοι
1784 1124 1891 1194 καὶ
1945 1123 2007 1192 οἱ
2045 1118 2385 1218 Τυρσηνοὶ

115 1302 124 1310 .
163 1301 173 1312 .
214 1301 226 1313 .
264 1301 277 1313 .
315 1240 575 1339 ἔλαχόν
613 1265 686 1313 τε
725 1242 945 1314 αὐτῶν
984 1242 1225 1339 πολλῷ
1262 1241 1616 1322 πλείστους
1670 1245 1779 1314 καὶ
1823 1244 2096 1320 τούτους
2141 1239 2382 1336 ἐξαγα-

111 1366 319 1457 γόντες
356 1359 795 1434 κατέλευσαν.
874 1360 1041 1455 μετὰ
1077 1362 1153 1433 δὲ
1182 1355 1649 1459 Ἀγυλλαίοισι
1685 1361 1905 1433 πάντα
1941 1360 2024 1434 τὰ
2058 1362 2385 1460 παριόντα

109 1486 206 1553 τὸν
238 1491 492 1581 χῶρον,
541 1480 609 1553 ἐν
647 1483 747 1578 τῷ
784 1482 844 1551 οἱ
881 1479 1226 1562 Φωκαιέες
1264 1481 1832 1563 καταλευσθέντες
1868 1482 2124 1562 ἐκέατο,
2168 1480 2382 1579 ἐγίνε-

113 1627 175 1673 το
223 1604 604 1701 διάστροφα
656 1604 765 1675 καὶ
813 1600 1094 1700 ἔμπηρα
1145 1604 1251 1673 καὶ
1303 1598 1730 1700 ἀπόπληκτα,
1790 1604 2042 1696 ὁμοίως
2076 1600 2384 1702 πρόβατα

109 1725 202 1794 καὶ
252 1723 592 1821 ὑποζύγια
657 1726 765 1795 καὶ
816 1722 1182 1822 ἄνθρωποι.
1281 1724 1343 1792 οἱ
1399 1721 1473 1793 δὲ
1520 1710 1915 1821 Ἀγυλλαῖοι
1972 1725 2041 1803 ἐς
2076 1720 2384 1818 Δελφοὺς

109 1841 392 1936 ἔπεμπον
450 1842 856 1942 βουλόμενοι
899 1840 1273 1915 ἀκέσασθαι
1322 1845 1442 1940 τὴν
1481 1842 1861 1942 ἁμαρτάδα.
1957 1845 2002 1941 ἡ
2043 1843 2117 1914 δὲ
2159 1841 2379 1939 Πυθίη

109 1964 298 2058 σφέας
332 1963 659 2036 ἐκέλευσε
693 1964 942 2036 ποιέειν
995 1962 1081 2034 τὰ
1137 1964 1244 2034 καὶ
1292 1967 1406 2033 νῦν
1465 1964 1526 2034 οἱ
1564 1951 1962 2060 Ἀγυλλαῖοι
2010 1962 2109 2034 ἔτι
2161 1962 2381 2034 ἐπιτε-

111 2083 352 2155 λέουσι·
413 2087 533 2155 καὶ
573 2080 699 2181 γὰρ
735 2084 1114 2180 ἐναγίζουσί
1152 2108 1270 2179 σφι
1304 2081 1617 2180 μεγάλως
1656 2086 1764 2155 καὶ
1802 2080 2034 2180 ἀγῶνα
2071 2085 2381 2179 γυμνικὸν

114 2207 201 2274 καὶ
235 2204 500 2275 ἱππικὸν
537 2202 872 2276 ἐπιστᾶσι.
967 2206 1077 2274 καὶ
1114 2202 1298 2274 οὗτοι
1340 2200 1460 2296 μὲν
1502 2210 1635 2273 τῶν
1677 2201 2042 2275 Φωκαιέων
2099 2203 2381 2297 τοιούτῳ

110 2325 278 2419 μόρῳ
314 2324 805 2421 διεχρήσαντο,
865 2327 925 2395 οἱ
976 2321 1051 2396 δὲ
1089 2323 1306 2395 αὐτῶν
1345 2321 1416 2403 ’ἐς
1454 2324 1526 2393 τὸ
1554 2316 1569 2342 ‘
1592 2319 1839 2421 Ρήγιον
1883 2324 2380 2420 καταφυγόντες

105 2442 391 2516 ἐνθεῦτεν
465 2445 875 2542 ὁρμεόμενοι
943 2445 1311 2544 ἐκτήσαντο
1373 2442 1569 2514 πόλιν
1642 2452 1770 2543 γῆς
1830 2453 1955 2543 τῆς
2014 2440 2387 2540 Οἰνωτρίης

105 2565 337 2663 ταύτην
398 2567 564 2663 ἥτις
611 2570 728 2635 νῦν
767 2558 985 2664 Ὑέλη
1048 2563 1400 2637 καλέεται·
1476 2561 1739 2637 ἔκτισαν
1792 2563 1868 2636 δέ
1917 2566 2168 2662 ταύτην
2219 2566 2386 2661 πρὸς

105 2679 323 2781 ἀνδρὸς
357 2683 923 2785 Ποσειδωνιήτεω
962 2685 1293 2779 μαθόντες
1334 2688 1429 2765 ὡς
1468 2687 1580 2756 τὸν
1612 2681 1873 2784 Κύρνον
1914 2711 2031 2782 σφι
2070 2686 2114 2782 ἡ
2157 2681 2380 2781 Πυθίη

109 2800 343 2903 ἔχρησε
383 2809 613 2878 κτίσαι
649 2806 835 2903 ἤρων
873 2805 1087 2885 ἐόντα,
1132 2792 1289 2876 ἀλλ’
1339 2804 1419 2875 οὐ
1457 2808 1579 2902 τὴν
1617 2814 1845 2906 νῆσον.

239 2923 578 3023 Φωκαίης
620 2926 740 3018 μέν
780 2952 893 2996 νυν
929 2925 1084 3024 πέρι
1121 2934 1240 3026 τῆς
1279 2925 1348 2997 ἐν
1390 2914 1625 3023 Ἰωνίῃ
1684 2923 1862 2996 οὕτω
1914 2925 2096 3023 ἔσχε,
2156 2949 2376 3023 παρα·
2404 2942 2519 3001 168

109 3041 342 3141 πλήσια
394 3042 475 3116 δέ
526 3044 824 3115 τούτοισι
872 3046 981 3116 καὶ
1017 3042 1213 3143 Τήιοι
1250 3046 1607 3142 ἐποίησαν.
1711 3044 1931 3117 ἐπείτε
1978 3046 2107 3144 γάρ
2156 3071 2382 3142 σφεων

113 3157 228 3235 εἷλε
263 3168 548 3261 χώματι
581 3164 655 3234 τὸ
689 3151 1301 3263 τεῖχος“.4ρπαγος.
1337 3164 1653 3265 ἐσβάντες
1685 3166 1930 3246 πάντες
1967 3165 2036 3246 ἐς
2066 3164 2151 3237 τὰ
2182 3163 2385 3237 πλοῖα

109 3282 354 3378 οἴχοντο
387 3284 724 3363 πλέοντες
759 3282 868 3355 ἐπὶ
905 3292 1030 3383 τῆς
1061 3286 1382 3384 θρηίκης,
1416 3289 1522 3356 καὶ
1557 3285 1849 3357 ἐνθαῦτα
1881 3283 2150 3356 ἔκτισαν
2192 3284 2385 3356 πόλιν

396 3522 520 3592 περὶ
542 3529 648 3575 τῶν
674 3522 1121 3576 καταλευσθέντων
1149 3519 1530 3607 Φωκαιῶνμαὶ
1565 3528 1658 3593 τῆς
1685 3522 1812 3595 ὑπὲρ
1845 3523 2011 3577 αὐτῶν
2042 3524 2175 3577 κατὰ
2200 3516 2388 3611 Ἀγυλ-

211 3722 220 3733 ,
291 3590 847 3731 ξξῗτξῗὲῗῗξῗῖῆς
874 3588 1308 3714 αιτὲἶῑῖἕαῗέσὶί
1335 3590 2318 3733 σεᾷἷλέἔιτὲἶῗένέῗὲἷῖρὲἶςᾱῖᾒῖξῖἶῖῗ

143 3775 304 3784 ξ...-

294 3837 343 3885 2.
387 3832 589 3895 Λέξεις.
636 3861 698 3872 -
746 3835 821 3886 12.
866 3833 1061 3887 Suidas
1086 3851 1133 3887 v,
1166 3834 1434 3905 ἁμαρτίαν.
1481 3864 1541 3873 -
1601 3837 1678 3888 14.
1720 3834 1912 3897 Αέξεις.
1952 3865 2015 3873 -
2074 3839 2151 3888 15.
2194 3835 2333 3890 οὗτοι
2361 3867 2387 3875 -

204 3903 261 3953 16
297 3902 639 3976 διεχρήσαντο
662 3901 901 3956 Thomas
925 3903 1003 3955 Μ.
1034 3920 1088 3974 p.
1120 3905 1203 3955 82.
1247 3934 1308 3943 -
1357 3906 1435 3957 18.
1479 3903 1791 3975 Stephanus
1819 3905 1947 3975 Byz.
1980 3922 2023 3955 v.
2058 3903 2228 3959 Θυέλα

207 4041 244 4089 1.
283 4042 483 4110 νῆεςῙ,
533 4041 558 4105 ΙΙ
605 4046 865 4112 περιδῦσαι
891 4061 915 4094 :z
962 4044 984 4107 ss
1032 4044 1081 4095 2.
1125 4042 1473 4126 ἀπεστρὲφατο
1499 4045 1613 4097 ΑΒ
1666 4046 1688 4108 ΙΙ
1746 4045 1793 4094 4.
1837 4042 2067 4115 ἐγένοντο
2093 4063 2154 4114 qz
2202 4045 2223 4107 ΙΙ
2269 4050 2389 4112 νῆες

115 4106 153 4157 1,
228 4112 249 4171 ss
345 4112 395 4162 5.
438 4108 659 4182 ἀφέντες
687 4111 737 4164 L
834 4112 857 4175 ΙΙ
957 4112 1005 4163 7.
1048 4110 1298 4165 lacunam
1325 4112 1460 4165 v1dit
1486 4112 1711 4175 Reiske,
1742 4129 1906 4181 quam
1932 4112 2008 4166 sic
2034 4111 2391 4183 probabiliter

112 4177 412 4246 expleveris:
447 4178 712 4251 διέλαχον,
741 4188 842 4232 τῶν
869 4180 924 4232 δὲ
948 4179 1224 4251 Τυρσηνῶν
1252 4181 1300 4233 οἱ
1325 4175 1623 4252 Ἀγυλλαῖοι
1671 4184 1693 4246 ΙΙ
1740 4181 1935 4234 αὐτέων
1959 4201 1985 4234 z
2044 4186 2066 4247 11
2125 4181 2389 4241 πλείστους

111 4247 325 4299 correxi:
367 4247 583 4306 πλείους
686 4251 708 4311 ΙΙ
814 4250 862 4303 8.
915 4250 1078 4301 πάντα
1109 4250 1188 4309 td}
1233 4252 1399 4304 πάντά
1433 4269 1546 4304 τινα
1589 4252 1655 4315 C,
1702 4268 1778 4322 γρ.
1808 4252 1974 4304 παντά
1995 4270 2108 4304 τινα
2148 4251 2240 4305 va·
2362 4257 2384 4317 ΙΙ

121 4314 182 4362 1⁰.
223 4315 470 4388 ἔμπυραε
547 4320 571 4380 ΙΙ
658 4319 738 4369 12.
780 4318 1033 4389 άμαρτίὸα
1064 4321 1112 4373 C
1184 4322 1205 4383 ΙΙ
1294 4321 1372 4371 15.
1416 4320 1504 4373 καὶ
1530 4321 1737 4373 ἱππικὸν
1763 4337 1869 4373 om.
1904 4321 1977 4373 122
2049 4324 2072 4387 ΙΙ
2143 4324 2387 4393 φωκεέων

119 4386 157 4425 (’
204 4386 224 4445 fl
279 4388 354 4436 17.
399 4388 726 4457 ὁρμεώμενοι
755 4388 803 4440 C
854 4390 877 4452 n
937 4388 1187 4458 οἰνοτρίης
1221 4390 1269 4442 G
1325 4392 1346 4454 ΙΙ
1424 4391 1499 4441 18.
1547 4389 1706 4459 ὑέλλη
1737 4390 1886 4458 Cpr„
1917 4388 2088 4443 Θυὲλα
2112 4392 2205 4445 Ste
2248 4391 2300 4443 h.
2365 4395 2387 4457 ΙΙ

124 4452 188 4502 19.
227 4454 608 4508 mecaenatem
633 4455 802 4509 ABG
888 4459 910 4520 u
1002 4460 1085 4508 21.
1128 4456 1260 4511 οὕτω
1287 4477 1345 4511 z:
1376 4458 1539 4517 οὕτως
1633 4462 1655 4524 ΙΙ
1750 4460 1834 4512 24.
1877 4457 2106 4532 Θρηίκης
2132 4461 2210 4514 Be
2256 4460 2386 4514 ker:

126 4522 338 4594 θρηιιίης
359 4524 445 4578 vel
471 4494 719 4596 θρηϊκίης
