3059 5125
1148 351 1439 406 Praefatio.
2287 373 2447 418 [χχι

188 527 486 623 Aldique
506 583 524 614 ,
576 553 728 599 non
780 528 959 600 alibi
1012 529 1333 623 apertius
1388 528 1793 624 utiliusque
1845 530 2446 624 deprehenditur,

189 659 434 753 cupide
483 667 883 753 augmenta
917 656 1281 731 vocalium
1336 659 1734 753 depascens
1786 669 1871 733 ut
1919 661 2168 733 minus
2204 661 2449 733 ionica

187 787 465 875 scilieet,
517 813 659 860 nec
707 785 954 862 tamen
1003 789 1080 859 id
1131 790 1376 883 ipsum
1425 790 1602 861 satis
1654 798 2091 862 constanter.
2186 790 2449 862 horum

185 918 390 1013 igitur
422 942 720 1012 operam
765 917 1134 1013 aspernati
1155 971 1173 1003 ,
1237 918 1384 1012 ipsi
1432 941 1584 990 non
1635 920 2083 993 mutavimus
2134 921 2451 1015 scriptu-

185 1071 323 1120 ram
371 1050 709 1121 codicum
758 1048 904 1120 nisi
955 1049 1037 1119 in
1087 1049 1342 1142 paucis
1393 1049 1788 1121 admodum
1808 1105 1827 1136 ,
1894 1050 2024 1121 ubi
2075 1058 2152 1122 et
2206 1072 2324 1122 res
2375 1060 2452 1121 et

183 1177 575 1251 observatio
642 1179 1000 1273 quaedam
1075 1178 1549 1251 vehementer
1610 1180 2021 1252 suaderent.
2166 1178 2267 1251 sic
2286 1234 2305 1266 ‚
2368 1189 2454 1251 ut

180 1332 558 1403 excerpam
594 1306 863 1402 aliqua,
897 1305 1042 1405 ἄγω
1082 1317 1412 1403 augetur,
1441 1317 1733 1401 praeter
1769 1307 1955 1407 ἄχθη
1998 1310 2193 1403 quod
2220 1309 2453 1381 tribus

182 1446 545 1534 comparet
586 1435 764 1510 locis
806 1435 860 1511 Γ
884 1439 1049 1509 145.
1081 1432 1141 1508 Ε
1166 1438 1279 1510 13.
1315 1435 1368 1511 Ζ
1400 1438 1497 1511 30
1536 1438 1849 1512 invicem
1886 1463 1962 1511 se
1998 1439 2450 1511 tutantibus:

181 1576 251 1639 at
291 1565 411 1664 ἄγε
449 1564 512 1639 Α
560 1567 725 1639 103.
775 1562 835 1638 Ε
874 1567 1004 1648 42,
1061 1565 1221 1663 ἄγον
1262 1562 1320 1637 Α
1363 1569 1482 1640 70.
1534 1568 1699 1639 116.
1752 1569 1917 1641 166.
1967 1568 2132 1641 169.
2173 1564 2238 1639 Β
2284 1568 2452 1655 125,

180 1693 410 1793 ἄγοντο
427 1694 488 1768 Γ
513 1698 626 1770 14.
657 1696 796 1769 137
831 1696 897 1768 Ο
916 1695 1314 1783 imminuit,
1333 1694 1611 1793 ἐξάγαγε
1634 1692 1691 1768 Α
1713 1698 1855 1770 186
1868 1695 2141 1770 Aldus:
2173 1697 2454 1771 correxi

181 1835 414 1898 autem
466 1821 793 1923 ἀνάγοντο
830 1824 883 1898 Ζ
922 1827 1017 1899 96
1074 1833 1160 1898 ut
1206 1847 1499 1920 prorsus
1549 1828 1906 1900 absonum
1949 1829 2043 1900 ab
2080 1836 2454 1900 auctarum

179 1953 575 2027 formarum
610 1953 1108 2028 multitudine.
1200 1954 1548 2047 idemque
1582 1954 1726 2029 feci
1763 1980 1913 2028 non
1950 1955 2285 2053 augendo
2331 1959 2457 2029 sed

177 2085 574 2158 minuendo
622 2086 703 2156 in
738 2085 1077 2183 ἠμείψατο
1116 2081 1169 2155 Δ
1208 2085 1330 2171 97,
1383 2084 1684 2184 παρῄνεε
1731 2082 1758 2157 Ι
1804 2087 1973 2174 122,
2030 2084 2455 2185 ἐξῃρέθησαν

181 2209 238 2284 H
273 2216 440 2302 106,
479 2217 932 2312 παρῃτήσατο
971 2209 1024 2283 Δ
1055 2213 1177 2300 43,
1215 2237 1365 2286 non
1400 2215 1567 2288 ideo
1602 2217 1837 2311 magis
1875 2218 2070 2311 quod
2107 2217 2330 2290 verba
2366 2216 2458 2287 ab

180 2341 244 2413 ςῖὶ
289 2344 763 2439 diphthongo
813 2344 1250 2438 incipientia
1297 2368 1446 2416 non
1484 2345 1771 2419 soleant
1804 2354 1935 2418 aut
1968 2347 2286 2419 debeant
2329 2370 2459 2417 au—

177 2474 345 2568 geri,
387 2498 618 2570 quam
654 2472 830 2568 quia
865 2474 1232 2546 contraria
1278 2473 1513 2546 multo
1563 2477 2168 2571 praeponderant.
2263 2476 2459 2571 quod

175 2605 232 2676 si
267 2605 524 2677 deficit
561 2601 911 2675 similium
947 2605 1417 2698 comparatiO,
1470 2606 1741 2678 rectius
1786 2608 2220 2693 abstinetur,
2257 2614 2343 2678 ut
2378 2606 2457 2677 in

173 2721 428 2831 ᾔσθετο
483 2729 550 2804 Η
591 2734 763 2806 220.
855 2756 1027 2805 nam
1079 2735 1275 2828 quod
1311 2734 1714 2808 Bredovius
1764 2737 2168 2832 generatim
2215 2737 2455 2820 verba,

176 2887 361 2955 quae
397 2888 445 2933 a
483 2863 976 2958 diphthongis
1014 2863 1084 2935 ἇῐ
1117 2862 1201 2936 α’ῖ)
1236 2864 1295 2935 ὲῖ
1326 2865 1400 2935 ἔῦ
1435 2863 1504 2936 ὀἵ
1537 2864 2016 2953 inducuntur,
2054 2890 2460 2961 numquam

176 3002 661 3087 augmentum
699 2993 1067 3087 accepisse
1102 3017 1235 3065 suo
1283 2993 1422 3065 sibi
1463 2994 1626 3067 iure
1671 2997 2111 3068 contendere
2145 2995 2459 3081 videtur,

173 3123 385 3194 video
437 3123 781 3194 codicum
827 3121 1268 3196 testimoniis
1319 3124 1410 3195 de
1459 3147 1547 3196 eo
1598 3125 1757 3198 iure
1808 3148 1961 3197 non
2008 3123 2203 3196 nihil
2254 3126 2461 3196 dero-

175 3253 346 3345 gari.
445 3261 527 3325 et
578 3253 672 3325 de
709 3253 791 3323 αΤ)
828 3249 1069 3324 noluit
1103 3252 1399 3350 Lhardy
1451 3255 1847 3348 quicquam
1892 3254 2068 3327 certi
2104 3263 2456 3326 statuere:

176 3404 345 3453 nam
397 3378 914 3475 exemplorum
963 3406 1225 3476 parum
1276 3380 1778 3477 frequentium
1828 3382 1980 3456 fere
2037 3408 2170 3477 par
2220 3394 2330 3456 est
2379 3384 2461 3456 in

177 3521 572 3603 utramque
607 3521 892 3605 partem
928 3520 1403 3584 momentum.
1489 3511 1822 3612 ἐξαυάνθη
1865 3510 1918 3584 Δ
1961 3514 2131 3600 151,
2171 3511 2462 3611 ἐξηύηνε

177 3636 228 3708 Δ
271 3641 442 3713 173.
547 3639 733 3739 ηὔδα
781 3636 844 3711 Β
901 3643 995 3713 57
1054 3639 1252 3736 (αὔδα
1310 3641 1465 3737 Od).
1557 3641 1899 3742 ηὐδάξατο
1955 3638 2015 3714 E
2056 3643 2172 3714 51.
2267 3640 2461 3714 ἔναυε

182 3765 238 3838 Η
278 3769 458 3842 231.
552 3770 761 3868 ηὖξον
816 3767 867 3841 Θ
909 3770 1028 3842 30.
1084 3764 1285 3853 131,
1357 3768 1599 3869 ηὔξετο
1650 3769 1704 3844 Γ
1757 3771 1876 3843 39.
1933 3769 1985 3842 Ζ
2024 3771 2161 3857 63,
2224 3769 2461 3851 αὔξετο

179 3896 230 3968 Z
279 3900 425 3972 132
486 3898 657 3993 (nisi
708 3899 820 3971 ibi
872 3896 1126 3997 αὔξητο
1175 3900 1743 3996 corrigendum),
1820 3898 2149 3998 ηὐξάνετο
2201 3894 2261 3970 Ε
2298 3900 2460 3985 922,
2612 3974 2617 3979 ,

175 4026 468 4125 αὔξηται
507 4025 563 4098 Α
596 4028 720 4114 58,
755 4025 1058 4125 ηὔξηντο
1097 4023 1156 4098 Ε
1187 4030 1304 4101 78.
1391 4027 1806 4123 αὐτομόλεον
1847 4035 1915 4101 Α
1951 4030 2119 4114 127,
2155 4026 2461 4127 ηὐτομό-

179 4154 347 4254 λησε
378 4154 435 4228 Γ
475 4158 642 4230 160.
707 4157 837 4229 sed
861 4180 957 4229 ne
984 4157 1065 4228 in
1099 4155 1398 4252 reliquis
1437 4159 1732 4253 quidem
1760 4160 2099 4231 omnibus
2128 4157 2465 4251 exceptio

181 4282 308 4357 illa
343 4286 526 4358 satis
559 4284 779 4360 valet.
870 4283 1040 4384 ηὗδε
1079 4284 1132 4358 Γ
1170 4288 1292 4375 69,
1331 4287 1541 4387 ηὗδον
1582 4284 1639 4359 Α
1681 4288 1819 4360 211
1872 4291 2066 4381 quod
2104 4285 2466 4382 praeferre

181 4416 564 4488 debebam.
660 4409 889 4514 ᾤχετο
926 4417 1000 4487 Α
1042 4417 1209 4488 157.
1251 4413 1305 4487 Γ
1351 4417 1485 4489 131
1536 4418 1682 4488 iam
1712 4428 2082 4491 remotum
2133 4427 2209 4489 et
2243 4414 2465 4513 ἀνῷξα

184 4547 252 4616 A
304 4545 445 4627 68,
521 4538 700 4642 ᾤετο
761 4542 785 4615 l
842 4546 939 4616 89
992 4545 1066 4616 R
1126 4546 1579 4618 emendavit:
1662 4548 1789 4619 scd
1853 4546 2146 4639 penitus
2209 4546 2465 4616 haeret
