3059 5125
565 377 759 425 xxxn
1559 360 1850 417 Praefatio.

564 537 810 630 ipsum
843 534 1072 610 fuerit
1107 538 1187 609 in
1223 538 1623 635 archetypo
1662 538 1767 635 (Ω)
1791 551 2101 613 :contra
2137 541 2502 636 quidquid
2538 564 2730 612 unus
2769 539 2849 612 R

564 665 839 748 offerat,
880 667 961 739 id
996 690 1212 740 omne
1250 668 1349 741 sit
1380 678 1511 742 aut
1546 678 1952 743 correctum
1990 678 2121 742 aut
2154 678 2499 742 erratum.

769 795 1081 870 Brevius
1119 796 1267 869 iam
1305 800 1395 872 de
1431 797 1738 893 reliquis
1775 800 2186 892 expediam.
2273 799 2350 871 P
2377 800 2601 886 enim,
2640 810 2849 894 post·-

555 931 788 1020 ‘quam
823 927 1070 999 statim
1099 951 1144 997 a
1171 924 1374 1000 fonte
1409 951 1542 999 suo
1574 927 1711 1024 (QD)
1749 937 2122 1023 receperat
2156 926 2549 1023 plurimam
2584 953 2847 1001 eorum

563 1064 872 1149 partem,
926 1081 1116 1151 quae
1166 1080 1212 1126 a
1245 1065 1650 1131 correctore
1691 1059 1758 1129 G
1801 1058 2197 1152 importata
2245 1058 2591 1146 diximus,
2642 1059 2847 1132 idem

561 1183 785 1256 homo
822 1186 952 1278 qui
1002 1186 1294 1280 scripsit
1342 1187 1608 1259 iterata
1650 1211 1826 1259 cura
1874 1187 1979 1259 ita
2024 1187 2445 1260 retractavit
2491 1197 2599 1272 ut,
2651 1213 2850 1282 quae

561 1313 845 1386 videret
877 1315 961 1385 in
996 1313 1160 1389 aliis
1199 1314 1558 1410 exemplis
1596 1314 1712 1389 vel
1746 1314 2010 1390 melius
2058 1313 2174 1389 vel
2223 1340 2372 1389 non
2416 1318 2627 1412 peius
2663 1319 2852 1390 scri-

562 1452 713 1536 pta,
753 1453 884 1515 aut
917 1441 1288 1517 sufficeret
1322 1445 1573 1539 priori·
1593 1448 1998 1540 scripturae
2034 1447 2356 1520 radendo
2393 1445 2675 1519 deletae
2710 1458 2851 1519 aut

562 1574 760 1644 intra
788 1597 1037 1646 versus
1066 1572 1184 1646 vel
1211 1583 1422 1647 extra
1455 1576 1922 1648 adscriberet.
1989 1576 2097 1648 ita
2120 1573 2421 1662 factum,
2459 1585 2544 1648 ut
2569 1578 2850 1649 totiens

563 1701 787 1775 huius
824 1703 1095 1776 codicis
1129 1704 1292 1798 ipse
1331 1712 1579 1778 textus
1612 1704 1775 1800 (Pe)
1814 1702 1930 1777 vel
1967 1705 2328 1799 scriptura
2361 1703 2567 1800 prior
2602 1680 2849 1803 (Ppr.)

561 1855 606 1902 a
667 1842 988 1906 correcto
1046 1832 1348 1928 (Pcorr.)
1401 1831 1556 1920 vel,
1619 1844 1703 1907 ut
1743 1834 1884 1906 hoc
1934 1838 2158 1907 verbo
2202 1844 2395 1922 utar,
2448 1833 2851 1931 marginali

566 1961 746 2057 (ΡΜ)
799 1963 1279 2036 discernenda
1341 1973 1551 2036 esset.
1650 1988 1965 2058 cumque
2027 1962 2376 2038 loetiones
2438 1963 2610 2038 illae
2676 1977 2854 2059 post

561 2088 810 2164 illatae
860 2094 1130 2187 partim
1167 2094 1261 2165 ab
1298 2091 1528 2166 altero
1563 2117 1831 2188 genere
1868 2092 2181 2202 (ABQd)
2233 2094 2502 2187 partim
2552 2096 2645 2166 ab
2684 2119 2853 2166 cor-—

561 2231 837 2294 rectore
887 2222 962 2294 R
1011 2225 1368 2317 repetitae
1417 2225 1569 2295 sint
1615 2220 1823 2295 nullo
1860 2223 2303 2308 discrimine,
2355 2224 2483 2296 sed
2518 2226 2611 2295 ad
2647 2225 2851 2296 arbi-

562 2351 786 2422 trium
823 2349 1110 2426 librarii
1144 2353 1467 2424 hominis
1505 2377 1643 2425 nec
1677 2353 1914 2446 inepti
1957 2375 2094 2424 nec
2133 2353 2412 2447 ubique
2461 2353 2850 2446 sapientie,

561 2481 795 2556 evasit
867 2480 1141 2575 species
1215 2482 1486 2554 codicis
1564 2482 1717 2555 sive
1776 2481 2216 2554 recensionis
2278 2483 2849 2571 contaminatae,

563 2636 751 2705 quae
798 2612 1157 2707 originem
1209 2612 1512 2685 haberet
1563 2635 1731 2683 cum
1775 2612 1850 2682 R
1900 2635 2386 2698 communem,
2437 2611 2852 2707 interpola-

564 2742 840 2814 tionem
878 2739 1030 2814 fere
1066 2766 1233 2814 cum
1279 2742 1362 2828 0,
1400 2750 1776 2836 praeterea
1809 2743 2026 2813 modo
2060 2742 2157 2812 ad
2194 2739 2499 2814 alteram
2535 2742 2850 2837 stirpem

564 2870 980 2944 deflecteret
1016 2873 1229 2943 modo
1266 2872 1361 2943 ad
1395 2871 1470 2943 R
1514 2879 1941 2943 correctum.
2030 2870 2174 2943 hoo
2208 2894 2377 2942 cum
2412 2872 2521 2943 ita
2554 2873 2675 2958 sit,
2729 2896 2853 2945 se-

562 3001 814 3094 quitur
864 3025 907 3097 q
955 3001 1277 3074 codicem
1327 3001 1606 3095 quique
1657 2997 1787 3072 alii
1837 3023 2006 3071 cum
2064 2998 2193 3072 illo
2257 3025 2352 3073 ex
2411 3000 2488 3074 P
2530 3002 2855 3074 derivati

563 3139 758 3217 sunt,
799 3132 1203 3205 obscuratis
1232 3129 1874 3203 contaminationis
1903 3130 2222 3216 indiciis,
2252 3138 2327 3201 et
2352 3128 2653 3202 inutiles
2683 3155 2850 3204 esse

562 3271 660 3345 et,
698 3260 761 3331 si
796 3261 955 3354 ipso
997 3261 1076 3333 P
1103 3284 1537 3347 careremus,
1577 3258 2055 3332 dubitationis
2100 3258 2509 3353 errorisque
2544 3257 2847 3353 plenas:

562 3390 792 3484 ipsius
830 3399 1076 3463 autem
1111 3390 1188 3462 P
1216 3391 1300 3463 in'
1333 3414 1420 3463 eo
1456 3390 1673 3462 sitam
1708 3413 1862 3462 esse
1898 3385 2289 3460 utilitatem
2324 3388 2527 3459 haud
2562 3390 2849 3461 medio-

561 3544 757 3592 crem
775 3575 792 3606 ,
841 3522 1038 3614 quod
1058 3576 1075 3606 ,
1129 3520 1256 3593 ubi
1308 3544 1476 3591 cum
1526 3519 1602 3589 R
1650 3544 1696 3589 a
1743 3517 2108 3612 principio
2153 3517 2559 3591 consentiat
2576 3572 2595 3605 ,
2642 3542 2851 3592 com-

561 3649 803 3723 munis
842 3649 1162 3743 parentis
1201 3645 1314 3743 (Ψ)
1352 3647 1778 3721 memoriam
1815 3644 2104 3734 referat,
2142 3647 2273 3717 ubi
2307 3646 2485 3719 item
2521 3672 2567 3718 a
2599 3647 2849 3741 primo

559 3789 812 3851 contra
846 3805 1014 3851 eum
1053 3803 1220 3850 cum
1241 3776 1513 3849 ABC'd
1534 3774 1780 3863 faciat,
1809 3785 2212 3849 correctum
2248 3773 2460 3848 inum
2497 3787 2851 3873 coarguat

558 3918 689 3981 aut
723 3933 967 3981 errore
1006 3910 1503 4002 depravatum.
1596 3907 1822 3979 habet
1857 3905 2053 3977 idem
2089 3907 2449 4000 quaedam
2497 3906 2635 3978 sibi
2670 3931 2849 4001 pro—

556 4038 720 4131 pria
755 4062 990 4132 pauca
1023 4035 1152 4109 illa
1188 4036 1482 4131 quidem
1521 4038 1649 4108 sed
1683 4032 2205 4121 memorabilia,
2241 4059 2378 4107 nec
2409 4032 2566 4108 fere
2600 4033 2847 4109 laudis

559 4167 910 4260 expertia.
1037 4190 1209 4240 nam
1274 4176 1791 4261 praeterquam
1852 4166 2050 4259 quod
2111 4165 2192 4237 in
2252 4163 2847 4259 orthographicis

557 4293 934 4389 aliquanto
981 4309 1094 4370 est
1138 4298 1398 4371 ceteris
1443 4295 1843 4391 purgatior,
1892 4295 2254 4388 quaedam
2305 4294 2398 4366 ad
2443 4290 2846 4367 dialectum

556 4424 873 4496 maxime
936 4425 1383 4519 pertinentia
1443 4449 1637 4525 unus
1697 4433 1893 4497 recte
1961 4433 2093 4495 aut
2163 4432 2357 4497 certe
2421 4433 2845 4498 constanter

555 4556 824 4650 scripta
883 4555 1207 4628 exhibet.
1328 4550 1531 4625 velut
1583 4578 1752 4626 cum
1801 4564 1875 4626 et
1925 4550 2255 4625 codicum
2290 4570 2839 4647 'nonnusquam
