3059 5125
1131 332 1514 396 -1—
2331 336 2459 399 369

151 503 278 574 καὶ
321 501 620 576 ἐνθαῦτα
657 504 803 604 ἱρά,
860 507 956 585 ὥς
1011 531 1132 602 σφι
1183 505 1605 605 ἐκαλλιέρεε,
1648 497 1723 578 τὸ
1757 509 1997 606 πρόσω
2030 506 2465 606 ἐπορεύοντο,

139 607 538 719 Ἀθηναῖοι
576 619 651 693 δὲ
683 623 826 718 ἅμα
865 623 1145 714 αὐτοῖσι,
1185 624 1535 725 διαβάντες
1574 626 1694 720 μὲν
1734 625 1809 697 ἐκ
1845 624 2250 719 Σαλαμῖνος,
2287 653 2463 722 συμ-

154 740 483 835 μιγέντες
535 740 610 812 δὲ
657 742 728 815 έν
755 731 1120 816 Ἐλευσῖνι.
1192 746 1288 824 ὡς
1323 743 1399 815 δὲ
1434 743 1566 843 ἄρα
1604 742 1922 816 ἀπίκοντο
1958 753 2083 845 τῆς
2116 742 2466 843 Βοιωτίης

152 858 234 939 ἐς
262 845 661 958 Ἐρυθράς,
710 860 968 955 ἔμαθόν
1006 887 1082 934 τε
1116 863 1201 961 δὴ
1240 864 1396 944 τοὺς
1435 862 1820 963 βαρβάρους
1855 864 1965 936 ἐπὶ
2009 867 2109 960 τῷ
2161 854 2475 962 Ἀσωπῷ

81 998 113 1046 5
155 978 957 1076 στρατοπεδευομένους,
1009 980 1421 1080 φρασθέντες
1474 980 1552 1056 δὲ
1585 987 1780 1054 τοῦτο
1831 980 2312 1056 ἀντετάσσοντο
2350 982 2463 1058 ἐπὶ

152 1104 291 1196 τῆς
347 1095 673 1196 ὑπωρέης
708 1106 825 1172 τοῦ
865 1095 1314 1198 Κιθαιρῶνος.
1385 1095 1772 1200 Μαρδόνιος
1820 1102 1930 1190 δέ,
1992 1103 2089 1181 ὡς
2138 1100 2220 1171 οὐ
2263 1101 2459 1173 κατέ·
2495 1108 2581 1168 20

154 1214 407 1314 βαινον
447 1204 875 1316 οἱσΕλληνες
911 1218 982 1298 ἐς
1015 1221 1093 1290 τὸ
1127 1219 1382 1308 πεδίον,
1419 1221 1674 1314 πέμπει
1701 1219 1773 1301 ἐς
1800 1219 2044 1301 αὐτοὺς
2071 1224 2294 1292 πᾶσαν
2332 1222 2459 1317 τὴν

157 1332 423 1424 ἵππον,
475 1343 600 1435 τῆς
651 1337 983 1435 ἱππάρχεε
1028 1331 1405 1419 Μασίστιος
1451 1338 1862 1432 εὐδοκιμέων
1908 1338 2093 1437 παρὰ
2132 1336 2466 1436 Πέρσῃσι,

152 1457 276 1525 τὸν
303 1448 657 1552 “mma
691 1450 1064 1528 Μακίστιον
1101 1455 1452 1545 καλέουσι,
1493 1455 1691 1529 ἵππον
1731 1457 1911 1554 ἔχων
1947 1454 2255 1555 Νησαῖον
2294 1481 2467 1554 χρυ-

62 1592 117 1642 ιο
155 1572 543 1669 σοχάλινον
606 1574 716 1644 καὶ
797 1571 1024 1654 ἄλλως
1089 1575 1601 1674 κεκοσμημένον
1667 1575 1910 1657 καλῶς.
2013 1575 2305 1647 ἐνθαῦτα
2369 1577 2471 1655 ὡς

159 1690 628 1792 προσήλασαν
685 1672 748 1763 οἱ
815 1693 1085 1765 ἱππόται
1131 1697 1302 1793 πρὸς
1347 1697 1504 1775 τοὺς
1539 1683 1932 1793 ἽΞλληνας,
1996 1693 2469 1793 προσέβαλλον

157 1807 346 1880 κατὰ
398 1808 641 1898 τέλεα,
691 1808 1236 1910 προσβάλλοντες
1288 1812 1363 1885 δὲ
1415 1814 1584 1887 κακὰ
1636 1814 1898 1910 μεγάλα
1948 1812 2308 1911 ἐργάζοντο
2356 1814 2464 1882 καὶ

156 1927 496 2025 γυναῖκάς
554 1953 769 2025 σφεας
839 1926 1238 2004 ἀπεκάλεον.
1350 1932 1520 2005 κατὰ
1556 1936 1916 2030 συντυχίην
1979 1929 2055 2001 δὲ
2108 1925 2463 2028 Μεγαρέες
2495 1937 2572 1997 21

159 2047 418 2145 ἔτυχον
471 2046 840 2145 ταχθέντες
887 2049 971 2147 τῇ
1029 2073 1102 2121 τε
1152 2049 1668 2148 ἐπιμαχώτατον
1718 2052 1804 2149 ἧν
1841 2055 1960 2121 τοῦ
1996 2054 2253 2148 χωρίου
2288 2073 2467 2119 παν-

63 2187 122 2236 15
159 2169 317 2256 τός,
376 2169 494 2238 καὶ
537 2166 875 2265 πρόσοδος
930 2166 1219 2261 μάλιστα
1272 2173 1482 2266 ταύτῃ
1542 2169 1792 2266 ἐγίνετο
1846 2171 1930 2267 τῇ
1969 2166 2173 2265 ἵππῳ.
2247 2192 2469 2265 προσ-

162 2285 577 2386 βαλλούσης
625 2284 721 2354 ὧν
777 2293 905 2385 τῆς
957 2282 1159 2357 ἵππου
1213 2289 1276 2358 οί
1321 2282 1673 2387 Μεγαρέες
1724 2288 2110 2382 πιεζόμενοι
2161 2285 2470 2380 ἔπεμπον

160 2405 278 2478 ἐπὶ
334 2405 503 2483 τοὺς
549 2406 971 2502 στρατηγοὺς
1018 2411 1154 2475 τῶν
1180 2392 1551 2502 ζΕλλήνων
1602 2410 1897 2504 κήρυκα,
1949 2402 2354 2498 ἀπικόμενος
2390 2402 2472 2475 δὲ

162 2524 198 2594 ὁ
234 2521 459 2623 κῆρυξ
491 2524 661 2620 πρὸς
697 2521 941 2602 αὐτοὺς
977 2521 1168 2619 ἔλεγε
1202 2522 1386 2596 τάδε.
1450 2511 1854 2622 “Μεγαρέες
1889 2522 2178 2620 λέγουσι.
2242 2523 2471 2621 ἡμεῖς,

165 2641 418 2742 ἄνδρες
456 2642 839 2738 σύμμαχοι,
880 2640 957 2711 οὐ
994 2641 1259 2713 δυνατοί
1294 2644 1478 2736 εἰμεν
1513 2646 1639 2741 τὴν
1678 2639 1994 2741 Περσέων
2036 2640 2234 2713 ἵππον
2274 2640 2470 2713 δέκε-

65 2776 128 2828 2⁰
164 2760 334 2834 σθαι
376 2765 649 2855 μοῦνοι,
706 2758 982 2855 ἔχοντες
1032 2760 1263 2834 στάσιν
1305 2763 1557 2861 ταύτην
1599 2761 1670 2842 ές
1703 2763 1824 2859 τὴν
1864 2760 2161 2858 ἔστημεν
2201 2755 2467 2858 ἀρχήν·

166 2875 353 2950 ἀλλὰ
408 2880 521 2949 καὶ
568 2876 639 2957 ἐς
700 2878 855 2949 τόδε
907 2877 1186 2976 λιπαρίῃ
1245 2904 1320 2952 τε
1369 2883 1479 2951 καὶ
1528 2874 1740 2979 ἀρετῇ
1798 2877 2168 2975 ἀντέχομεν
2226 2880 2470 2974 καίπερ

162 2997 588 3088 πιεζόμενοι.
670 3002 788 3066 νῦν
840 3020 912 3067 τε
963 2995 1022 3067 εἰ
1070 2999 1165 3093 μή
1226 3022 1407 3077 τινας
1457 2995 1702 3077 ἄλλους
1745 2996 2049 3093 πέμψετε
2103 2994 2467 3092 διαδόχους

164 3123 294 3214 τῆς
343 3113 605 3203 τάξιος,
663 3115 803 3187 ἴστε
854 3113 1077 3211 ἡμέας
1127 3113 1557 3212 ἐκλείψοντας
1606 3118 1727 3212 τὴν
1785 3101 2023 3193 τάξιν.”
2120 3113 2157 3183 ό
2211 3109 2332 3206 μὲν
2371 3111 2461 3208 δή

168 3260 290 3330 σφι
326 3239 547 3307 ταῦτα
582 3230 1004 3331 ἀπήγγελλε,
1043 3230 1437 3330 Παυσανίης
1474 3230 1550 3304 δὲ
1586 3228 1995 3332 ἀπεπειρᾶτο
2027 3239 2161 3304 τῶν
2190 3227 2466 3328 Ἑλλή-

383 3534 434 3593 K
459 3469 784 3592 θἱππομαχία,
808 3462 1090 3539 Μεγαρέων
1123 3469 1211 3521 καὶ
1245 3465 1537 3537 Ἀθηναίων
1574 3469 1698 3538 πρὸς
1721 3467 1841 3527 τοὺς
1870 3467 2155 3539 βαρβάρους
2193 3467 2331 3538 παρὰ
2369 3468 2461 3520 τὸν

441 3556 457 3590 ι
497 3556 690 3609 αιρωνα

388 3762 473 3812 12.
511 3758 917 3830 προσβάλλοντες
941 3789 971 3801 -
999 3759 1061 3810 13
1089 3756 1372 3811 ἀπεκάλεον
1397 3755 1721 3811 Eustathius
1746 3755 1812 3810 11.
1841 3772 1895 3826 p.
1927 3758 2027 3808 668

279 3916 327 3967 1.
372 3913 694 3985 ἐκαλλιέρεε,
732 3915 792 3968 τὸ
835 3914 1008 3984 πρόσω
1044 3912 1313 3967 Suevernz
1364 3911 1714 3982 ἐκαλλιρέετο,
1758 3912 1929 3983 πρόσω
1954 3912 2041 3973 R,
2089 3909 2288 3962 ἐκαλλιε
2325 3910 2459 3974 ἐετο,

173 3983 348 4054 πρόσω
373 3982 542 4037 ceteri
588 3987 611 4050 ΙΙ
657 3982 931 4054 ἐπορεύετο
957 3983 1016 4037 R
1060 3985 1083 4048 ΙΙ
1131 3985 1182 4034 5.
1212 3981 1283 4046 δὲ]
1313 3999 1366 4032 τε
1394 3980 1651 4035 Schaefer
1690 3984 1713 4046 ss
1763 3982 1812 4032 6.
1844 3979 2100 4050 ὑπωρείης
2123 3979 2174 4032 L
2220 3980 2243 4044 u
2328 4018 2340 4030 .
2372 3977 2466 4031 ἐπ’

175 4085 442 4146 who-3:122
488 4089 511 4151 ΙΙ
561 4088 613 4138 8.
650 4083 785 4138 ἵππα
856 4086 965 4141 εΒ
1011 4087 1034 4151 ΙΙ
1081 4087 1130 4137 9.
1172 4081 1474 4138 Μακίσιονε
1526 4086 1549 4148 ΙΙ
1595 4088 1789 4136 νισαῖον
1824 4084 1853 4136 b
1901 4083 1924 4147 u
1986 4083 2067 4133 10.
2106 4064 2463 4144 {filPstteml

175 4152 255 4206 Rz
300 4157 324 4219 u
372 4156 454 4207 11.
481 4154 604 4213 τοὺς
628 4171 737 4207 om.
759 4102 870 4220 Cexss
916 4153 1233 4224 προσέβαλον
1246 4151 1356 4205 PR
1401 4154 1424 4218 u
1469 4153 1551 4203 12.
1574 4149 1976 4221 προσβάλλοντες
2000 4167 2050 4201 v.
2076 4150 2270 4204 Busta
2296 4164 2462 4233 προσ-

176 4255 414 4324 βαλόντες
461 4258 486 4322 Ι
532 4256 822 4328 εἰργάζοντο
847 4256 1005 4309 Euat.
1059 4258 1082 4322 u
1133 4257 1214 4308 13.
1255 4271 1284 4306 σ
1352 4271 1413 4311 ας
1435 4270 1545 4307 om.
1573 4252 1730 4306 Eunt.
1785 4254 1807 4317 ΙΙ
1861 4253 1940 4304 14.
1980 4252 2017 4320 ἦ
2042 4269 2097 4303 τε
2121 4252 2193 4314 R,
2223 4249 2363 4319 ἧιτὸ
2384 4249 2453 4312 Ρ,

175 4325 311 4394 ἧιτδ
334 4324 537 4394 reliqui
574 4328 597 4392 ΙΙ
637 4327 716 4378 15.
747 4326 836 4378 καὶ
860 4324 896 4394 ἡ
921 4342 959 4376 π
1023 4323 1171 4383 σοδος
1193 4322 1252 4376 R
1309 4325 1319 4388 Ι
1366 4321 1786 4393 προσβαλλούσης
1823 4323 1968 4377 AB:
2006 4318 2391 4390 προσβαλούσης
2436 4316 2463 4386 ss

185 4395 259 4447 19.
288 4392 550 4462 δυνατοὶ-ᾖ
670 4396 701 4448 b
748 4395 772 4459 ΙΙ
821 4394 905 4446 20.
977 4391 1037 4446 π’
1061 4393 1128 4462 ἢν
1153 4393 1213 4448 R
1247 4395 1269 4457 ΙΙ
1305 4392 1389 4444 22.
1416 4388 1729 4460 πιεζεύμενοι
1753 4390 1812 4444 R
1856 4392 1880 4455 ss
1926 4388 2194 4461 διαδόχους
2220 4385 2461 4457 πέμψητε

175 4460 230 4513 R
273 4464 295 4528 ΙΙ
343 4465 428 4515 24.
584 4461 750 4535 γγειλε
782 4460 870 4525 Cz,
902 4461 1162 4533 ἀπήγγελε
1186 4463 1217 4515 b

275 4563 532 4607 Herodotus
557 4563 618 4606 ΙΙ.
1981 4543 2048 4593 ²4
