3059 5125
1055 389 1456 454 -Α-
2317 388 2403 452 97

168 567 335 646 κάδες
383 564 709 660 Πελασγοὶ
777 569 885 637 καὶ
947 564 1240 665 Δωριέες
1298 556 1759 663 Ἐπιδαύριοι,
1834 562 2010 636 ἄλλα
2068 589 2139 635 τε
2203 562 2405 634 ἔθνεα

164 684 350 758 πολλὰ
384 684 876 782 ἀναμεμίχαται
898 696 916 722 “·
973 688 1036 756 οἱ
1088 685 1164 757 δὲ
1216 683 1443 756 αὐτῶν
1495 682 1630 756 ἀπὸ
1678 689 1798 754 τοῦ
1833 688 2249 781 πρυτανηίου
2284 689 2403 753 τοῦ

155 799 509 904 Ἀθηναίων
587 804 1004 904 ὁρμηθέντες
1079 808 1188 877 καὶ
1261 805 1648 898 νομίζοντες
1715 807 2168 900 γενναιότατοι
2238 800 2404 874 εἶναι

153 921 392 1006 Ἰώνων,
424 925 605 997 οὗτοι
642 924 718 996 δὲ
756 925 836 996 οὐ
872 930 1190 1020 γυναῖκας
1224 925 1566 1023 ἠγάγοντο
1605 924 1675 1005 ἐς
1712 927 1834 1022 τὴν
1876 922 2189 1021 ἀποικίην
2230 920 2405 994 ἀλλὰ

103 1067 128 1114 5
159 1041 424 1143 Καείρας
474 1043 700 1142 ἔσχον,
757 1052 890 1115 τῶν
947 1043 1315 1140 ἐφόνευσαν
1366 1045 1521 1124 τοὺς
1565 1043 1822 1138 γονέας.
1910 1040 2018 1115 διὰ
2052 1049 2286 1114 τοῦτον
2328 1041 2403 1114 δὲ

155 1168 248 1235 τὸν
292 1168 487 1262 φόνον
537 1168 607 1236 αί
655 1166 962 1262 γυναῖκες
1029 1162 1223 1236 αὗται
1285 1168 1489 1257 νόμον
1556 1162 1838 1256 θέμεναι
1901 1167 2090 1259 σφίσι
2160 1163 2402 1262 αὐτῇσι

152 1284 356 1381 ὅρκους
410 1283 763 1382 ἐπήλασαν
819 1286 929 1355 καὶ
991 1283 1375 1381 παρέδοσαν
1427 1285 1584 1383 τῇσι
1632 1281 2032 1379 θυγατράσι,
2099 1287 2195 1380 μή
2251 1308 2403 1355 κοτε

154 1406 517 1503 ὁμοσιτῆσαι
574 1408 746 1476 τοῖσι
797 1402 1076 1502 ἀνδράσι
1134 1403 1314 1502 μηδὲ
1364 1403 1689 1497 οὐνόματι
1727 1403 1943 1503 βῶσαι
1994 1406 2106 1474 τὸν
2144 1403 2403 1503 ἑωυτῆς

152 1524 351 1623 ἄνδρα,
406 1525 605 1595 τοῦδε
655 1523 876 1596 εἵνεκα
931 1523 1032 1594 ότι
1087 1523 1451 1620 έφόνευσάν
1502 1549 1730 1620 σφεων
1769 1525 1925 1604 τούς
1960 1523 2255 1622 πατέρας
2291 1523 2399 1594 καὶ

99 1667 124 1712 0
152 1641 363 1742 ἄνδρας
432 1647 543 1715 καὶ
610 1642 856 1724 παῖδας
923 1647 1035 1714 καὶ
1094 1642 1353 1716 ἔπειτεν
1414 1648 1627 1715 ταῦτα
1683 1647 2092 1741 ποιήσαντες
2155 1642 2400 1743 αὐτῇσι

148 1768 470 1836 συνοίκεον.
564 1768 777 1836 ταῦτα
825 1761 902 1833 δὲ
947 1765 1034 1861 ἧν
1089 1767 1405 1860 γινόμενα
1443 1765 1514 1836 ἐν
1554 1757 1867 1860 Μιλήτῳ.
1961 1762 2286 1862 βασιλέας
2323 1761 2536 1834 δὲ147

145 1883 482 1981 ἐστήσαντο
539 1885 604 1954 οἱ
657 1882 779 1976 μὲν
834 1883 1053 1954 αὐτῶν
1110 1882 1398 1963 Λυκίους
1450 1881 1586 1954 α’πδ
1633 1880 1940 1954 Γλαύκου
2001 1888 2117 1954 τοῦ
2156 1877 2397 1955 Ἱππο-

147 2000 323 2098 λόχου
358 2007 744 2101 γεγονότας,
806 2004 869 2073 οί
919 2000 994 2073 δὲ
1031 1998 1412 2082 Καύκωνας
1449 1999 1743 2083 Πυλίους
1794 1999 1928 2075 α’πὸ
1968 1999 2237 2102 Κόδρου
2272 2008 2395 2074 τοῦ

149 2116 493 2206 Μελάνθου,
552 2124 619 2194 οἱ
657 2121 730 2195 δὲ
764 2125 873 2193 καὶ
907 2121 1474 2219 συναμφοτέρους.
1568 2119 1744 2193 α’λλὰ
1797 2124 1924 2222 γὰρ
1972 2122 2400 2222 περιέχονται

94 2262 113 2309 5
143 2246 235 2311 τοῦ
265 2241 641 2338 οὐνόματος
679 2243 936 2337 μᾶλλόν
975 2269 1036 2315 τι
1073 2249 1205 2316 τῶν
1243 2240 1469 2315 ἄλλων
1501 2235 1774 2324 Ἰώνων,
1817 2241 2124 2316 ἔστωσαν
2162 2243 2249 2342 δὴ
2291 2245 2400 2314 καὶ

139 2362 187 2429 ol
220 2359 525 2462 καθαρῶς
562 2365 917 2460 γεγονότες
941 2350 1211 2444 Ἴωνες·
1253 2361 1379 2435 εἰσὶ
1419 2360 1492 2432 δὲ
1525 2363 1771 2444 πάντες
1791 2350 2043 2446 Ἴωνες,
2086 2363 2233 2437 ὅσοι
2272 2356 2389 2436 ἀπ’

127 2469 459 2580 Ἀθηνέων
499 2486 817 2581 γεγόνασι
855 2486 964 2555 καὶ
991 2473 1412 2581 Ἀπατούρια
1450 2480 1684 2579 ἄγουσι
1733 2483 1937 2583 ὁρτήν
1971 2509 1982 2520 ·
2039 2481 2276 2579 ἄγουσι
2320 2482 2394 2554 δὲ

132 2601 347 2683 πάντες
382 2603 568 2702 πλὴν
614 2597 957 2699 Ἐφεσίων
1015 2604 1123 2677 καὶ
1172 2600 1681 2698 Κολοφωνίων·
1745 2603 1927 2676 οὗτοι
1977 2603 2104 2704 γὰρ
2158 2610 2393 2699 μοῦνοι

127 2714 351 2792 Ἱώνων
401 2722 526 2794 οὐκ
580 2722 818 2822 ἄγουσι
847 2717 1305 2821 Ἀπατούρια,
1365 2726 1474 2795 καὶ
1531 2723 1714 2795 οὖτοι
1767 2721 1935 2797 κατὰ
1993 2727 2205 2822 φόνου·
2245 2723 2394 2796 τινὰ

95 2844 371 2941 ισκῆψιν.
479 2847 559 2914 τὸ
618 2842 698 2915 δὲ
752 2841 1129 2915 Πανιώνιον
1186 2842 1328 2915 ἐστὶ
1384 2851 1506 2942 τῆς
1560 2839 1887 2942 Μυκάλης
1955 2851 2181 2943 χῶρος
2249 2847 2532 2943 {pb-2148

133 2962 274 3059 πρὸς
308 2962 553 3063 ἄρκτον
592 2962 1074 3063 τετραμμένος,
1135 2964 1330 3060 κοινῇ
1388 2962 1919 3063 ἐξαραιρημένος
1972 2963 2099 3041 ὑπὸ
2141 2959 2394 3036 Ἰώνων

136 3076 517 3155 Ποσειδέωνι
544 3077 949 3178 Ἑλικωνίῳ.
1025 3084 1072 3180 ἡ
1111 3080 1188 3153 δὲ
1222 3077 1516 3180 Μυκάλη
1556 3082 1698 3155 ἐστὶ
1734 3092 1859 3185 τῆς
1893 3086 2177 3183 ἠπείρου
2216 3082 2389 3183 ἄκρη

132 3203 273 3296 πρὸς
306 3202 604 3302 ζέφυρον
641 3202 892 3296 ἄνεμον
932 3206 1315 3300 κατήκουσα
1352 3201 1585 3299 Σάμῳ,
1648 3203 1718 3285 ἐς
1753 3205 1877 3301 τὴν
1918 3203 2392 3301 συλλεγόμενοι

132 3314 244 3391 ἀπὸ
295 3328 428 3392 τῶν
493 3320 761 3394 πολίων
797 3315 1037 3402 Ἴωνες
1102 3320 1382 3418 ἄγεσκον
1437 3322 1643 3422 ὁρτὴν
1699 3326 1784 3423 τῇ
1841 3323 2078 3397 ἔθεντο
2136 3322 2391 3417 οὔνομα

94 3460 102 3503 ι
133 3434 466 3519 Πανιώνια.
545 3441 952 3537 [πεπόνθασι
988 3438 1064 3514 δὲ
1095 3439 1240 3513 οὔτι
1275 3447 1514 3534 μοῦναι
1553 3446 1621 3515 αί
1647 3433 1905 3516 Ἰώνων
1945 3443 2135 3542 ὁρταὶ
2169 3448 2385 3525 τοῦτο,

411 3730 491 3786 ὅτι
515 3727 833 3805 Ἀπατούρια
857 3733 1171 3788 ἐπιτελοῦσιν
1189 3726 1358 3793 Ἴωνες
1384 3734 1519 3804 πλὴν
1546 3729 1899 3806 Κολοφωνίων
1922 3734 2010 3788 καὶ
2034 3729 2282 3806 Ἐφεσίων

309 3807 405 3856 ποῦ
429 3804 491 3855 τὸ
518 3801 803 3858 Πανιώνιον
825 3801 1022 3873 ἵδρυται

311 4062 360 4115 2.
387 4090 416 4100 -
445 4065 503 4115 11
559 4062 888 4118 Plutarchus
923 4079 1061 4117 mur.
1107 4080 1161 4185 ρ.
1194 4065 1310 4115 858.
1351 4092 1421 4101 -
1466 4060 1660 4127 Aeaeae..
1726 4090 1795 4102 —-
1854 4065 1903 4114 7.
1958 4061 2279 4117 Eustatbius
2314 4062 2379 4116 11.

216 4146 264 4199 p.
293 4132 374 4184 70.
427 4160 498 4171 —
552 4134 635 4184 17.
677 4131 856 4204 ἄγουσι
882 4164 911 4173 -
940 4134 1002 4185 18
1025 4129 1109 4187 Ko
1146 4133 1381 4205 οφωνίων
1406 4130 1734 4187 Plutarchus
1760 4148 1894 4187 mor.
1924 4149 1976 4203 p.
2011 4134 2111 4185 859

218 4302 262 4355 2.
300 4303 496 4358 αὐτέων
522 4306 576 4359 L
624 4306 646 4369 ΙΙ
695 4308 743 4356 3.
783 4299 1045 4377 Ἀθηνέων
1072 4306 1326 4360 Schaefer
1381 4308 1405 4371 Η
1465 4310 1511 4358 8.
1557 4305 1767 4375 ὀνόματι
1792 4307 1841 4360 L
1895 4309 1919 4371 ΙΙ
1979 4307 2028 4357 9.
2067 4312 2158 4358 τοῦ
2184 4306 2240 4357 δὲ
2273 4308 2320 4359 (3
2368 4310 2385 4373 ¹!

129 4366 377 4437 ἐφόνευσαν
402 4374 578 4446 σφέων
608 4374 682 4428 R:
739 4378 762 4440 ΙΙ
838 4378 916 4428 10.
958 4375 1153 4429 ἔπειτεν
1179 4375 1343 4429 Reizz
1371 4374 1539 4428 ἐπείτε
1608 4378 1631 4440 n
1707 4376 1785 4426 15.
1828 4376 2078 4444 ὀνόματος
2104 4378 2158 4428 B
2227 4378 2247 4440 ΙΙ
2319 4375 2384 4444 δὴ

132 4436 187 4515 G
215 4440 446 4495 Heroldx
473 4441 532 4495 δὲ
607 4444 632 4507 fl
704 4446 783 4495 16.
826 4445 877 4497 οἳ
897 4446 1004 4499 ΛΟ
1059 4448 1081 4511 ΙΙ
1148 4437 1481 4503 εἰσὶ-Ἴωνες
1503 4461 1614 4498 om.
1641 4444 1717 4497 A!
1783 4447 1806 4510 ΙΙ
1878 4446 1958 4495 17.
2001 4443 2205 4515 ἀθηνῶν
2234 4446 2282 4497 L
2362 4448 2384 4511 ΙΙ

134 4510 288 4579 &opt-632
308 4512 464 4565 ABG
495 4516 518 4578 u
551 4510 613 4563 δὲ
638 4530 746 4565 om.
776 4513 824 4564 C'
852 4516 876 4579 ΙΙ
915 4517 993 4566 19.
1021 4516 1155 4573 τινὸς
1176 4513 1652 4582 Schweighaeuser
1687 4517 1711 4579 ΙΙ
1747 4515 1829 4565 21.
1859 4513 1961 4566 ἀπὸ
1984 4514 2032 4567 Ο
2058 4517 2081 4578 ΙΙ
2117 4516 2198 4565 24.
2232 4514 2385 4585 ὁρτὴν

137 4579 226 4629 ΑΒ
267 4583 288 4643 η
340 4584 424 4632 25.
464 4580 748 4634 πεπόνθασι
776 4614 804 4622 -
827 4599 879 4653 p.
912 4586 996 4645 98,
1027 4586 1058 4634 2
1084 4583 1339 4653 οὐνόματα
1364 4582 1563 4635 seclusi
1610 4585 1632 4648 ΙΙ
1681 4582 1830 4651 μόναι
1854 4601 1882 4634 z
1927 4585 1949 4647 Η
1997 4583 2138 4654 ὁρταὶ
2163 4586 2277 4637 ΑΒ

220 4680 468 4725 Herodotus.
1948 4704 1960 4738 ⁴
