3059 5125
1149 317 1531 378 -Ῑ-
2351 315 2477 378 389

181 487 257 569 ές
295 489 546 558 τώυτό.
623 487 883 581 οὔνομα
935 490 1009 561 δέ
1061 491 1124 561 οἱ
1171 479 1457 589 Ὠερόη·
1533 490 1870 590 θυγατέρα
1929 492 2003 564 δὲ
2051 493 2302 590 ταύτην
2357 489 2472 564 λέ-

177 633 386 704 γουσι
438 606 604 680 εἶναι
632 600 959 680 Ἀσωποῦ
997 612 1060 681 οἱ
1095 609 1465 708 ἐπιχώριοι.
1552 611 1625 692 ές
1677 616 1909 683 τοῦτον
1963 612 2050 708 δὴ
2101 613 2213 682 τὸν
2248 618 2472 710 χῶρον

178 727 678 829 ἐβουλεύσαντο
746 738 1279 830 μεταναστῆναι,
1341 728 1443 801 ἵνα
1502 732 1611 802 καὶ
1669 728 1858 801 ὕδατι
1909 728 2122 828 ἔχωσι
2175 730 2472 828 χρᾶσθαι

179 844 475 944 ἀφθόνῳ
511 850 620 918 καὶ
658 849 719 918 οἱ
758 846 990 928 ἱππέες
1026 847 1239 943 σφέας
1278 852 1372 946 μὴ
1415 854 1734 938 σινοίατο,
1776 851 2008 948 ὥσπερ
2048 850 2285 921 κατιθὺ
2323 849 2466 921 έόν-
2514 885 2533 902 -

111 987 140 1034 5
176 993 339 1038 των.
426 966 928 1059 μετακινέεσθαί
973 992 1042 1038 τε
1100 967 1324 1040 ἐδόκεε
1376 972 1524 1040 τότε
1572 966 1771 1041 ἐπεὰν
1806 977 1931 1069 τῆς
1967 972 2196 1049 νυκτὸς
2230 963 2277 1070 ᾖ
2319 971 2469 1041 δευ-

177 1087 348 1185 τέρη
395 1088 690 1184 φυλακή,
732 1088 827 1166 ὡς
865 1082 941 1157 ἂν
983 1090 1078 1184 μὴ
1120 1086 1369 1159 ἰδοίατο
1412 1090 1475 1159 οἱ
1505 1086 1763 1187 Πέρσαι
1800 1086 2323 1188 ἐξορμεομένους
2364 1092 2471 1159 καί

178 1231 403 1302 σφεας
441 1205 755 1299 ἑπόμενοι
782 1205 1176 1303 ταράσσοιεν
1215 1208 1276 1277 οἱ
1315 1209 1608 1280 ἱππόται.
1680 1205 2102 1301 ἀπικομένων
2141 1206 2215 1280 δὲ
2249 1208 2321 1288 ές
2353 1211 2466 1279 τὸν

177 1333 418 1423 χῶρον
455 1331 711 1414 τοῦτον,
746 1327 857 1395 τὸν
898 1327 984 1423 δὴ
1023 1327 1069 1424 ἡ
1101 1315 1406 1407 Ἀσωπὶς
1432 1315 1688 1426 Ὠερόη
1733 1327 2188 1425 περισχίζεται
2225 1326 2469 1426 ῥέουσα

180 1445 254 1518 ἐκ
290 1451 419 1516 τοῦ
458 1442 920 1543 Κιθαιρῶνος,
977 1446 1104 1516 ὑπὸ
1153 1450 1277 1544 τὴν
1319 1448 1522 1518 νύκτα
1559 1448 1810 1544 ταύτην
1848 1446 2074 1518 ἐδόκεε
2112 1447 2268 1526 τοὺς
2302 1447 2467 1545 ἠμί-

83 1586 143 1635 10
179 1591 345 1646 σεας
385 1561 825 1636 ἀποστέλλειν
882 1570 998 1635 τοῦ
1038 1564 1496 1662 στρατοπέδου
1529 1569 1701 1664 πρὸς
1739 1567 1850 1637 τὸν
1890 1562 2316 1664 Κιθαιρῶνα,
2374 1570 2469 1645 ὡς

180 1682 595 1785 ἀναλάβοιεν
630 1685 788 1764 τοὺς
825 1683 1133 1763 ὀπέωνας
1168 1687 1326 1765 τοὺς
1356 1683 1467 1756 ἐπὶ
1491 1683 1576 1756 τὰ
1603 1688 1778 1759 σιτία
1817 1684 2239 1781 οἰχομένους·
2291 1686 2466 1783 ἦσαν

178 1803 303 1904 γὰρ
343 1804 420 1877 έν
456 1807 556 1901 τῷ
600 1801 973 1903 Κιθαιρῶνι
1011 1801 1587 1899 ἀπολελαμμένοι.

337 1923 568 1998 Ταῦτα
639 1921 1161 2023 βουλευσάμενοι
1238 1928 1458 2021 κείνην
1531 1923 1651 2018 μὲν
1714 1927 1837 2024 τὴν
1905 1924 2172 2023 ἡμέρην
2246 1927 2466 1996 πᾶσαν
2501 1931 2582 1990 52

177 2043 683 2145 προσκειμένης
731 2052 854 2143 τῆς
904 2040 1106 2113 ἵππου
1160 2042 1341 2139 εἶχον
1394 2046 1597 2114 πόνον
1645 2042 1956 2143 ἄτρυτον·
2043 2048 2139 2124 ὡς
2189 2045 2263 2117 δὲ
2309 2047 2356 2143 ἤ
2394 2070 2466 2115 τε

88 2180 144 2228 15
177 2167 414 2264 ἡμέρη
457 2163 668 2262 ἔληγε
705 2165 813 2234 καὶ
850 2163 912 2232 οἱ
956 2161 1189 2242 ἱππέες
1225 2161 1636 2250 ἐπέπαυντο,
1692 2165 1920 2244 νυκτὸς
1969 2163 2053 2260 δὴ
2109 2164 2466 2262 γινομένης

178 2288 286 2357 καὶ
325 2285 581 2380 ἐούσης
626 2291 750 2381 τῆς
799 2284 989 2381 ὥρης
1039 2281 1110 2361 ές
1158 2284 1280 2378 τὴν
1332 2282 1670 2353 συνέκειτό
1725 2307 1841 2377 σφι
1880 2280 2462 2372 ἀπαλλάσσεσθαι,

180 2403 481 2475 ἐνθαῦτα
518 2399 876 2498 ἀερθέντες
913 2403 972 2471 οἱ
1009 2399 1247 2471 πολλοὶ
1284 2398 1831 2490 ἀπαλλάσσοντο,
1889 2402 1959 2480 ἐς
2009 2401 2128 2494 μὲν
2170 2405 2278 2472 τὸν
2317 2410 2462 2500 χῶ-

182 2549 293 2621 ρον
337 2522 413 2604 ές
449 2524 562 2594 τὸν
604 2519 938 2593 συνέκειτο
977 2519 1096 2592 οὐκ
1135 2519 1202 2592 έν
1242 2524 1375 2617 νόῳ
1415 2519 1718 2618 ἔχοντες,
1775 2522 1834 2593 οἱ
1885 2519 1959 2594 δὲ
2007 2524 2103 2602 ὡς
2139 2521 2462 2622 ἐκινήθη-

181 2670 300 2715 σαν
341 2641 628 2738 ἔερευγον
688 2639 971 2733 ἄσμενοι
1025 2642 1146 2737 τὴν
1211 2637 1406 2711 ἵππον
1443 2643 1610 2737 πρὸς
1646 2644 1766 2740 τὴν
1807 2630 2204 2713 Πλαταιέων
2243 2643 2462 2730 πόλιν,

91 2779 148 2827 20
183 2765 543 2858 φεύγοντες
594 2758 669 2832 δὲ
723 2757 1148 2830 ἀπικνέονται
1204 2758 1310 2830 ἐπὶ
1367 2761 1440 2829 τὸ
1483 2745 1813 2856 ‘'Hpatov·
1903 2763 1978 2830 τὸ
2044 2759 2117 2831 δὲ
2163 2764 2294 2859 πρὸ
2342 2771 2466 2861 τῆς

181 2880 421 2960 πόλιός
457 2879 597 2951 ἐστι
630 2887 753 2977 τῆς
793 2877 1223 2966 Πλαταιέων,
1283 2879 1487 2949 εἴκοσι
1539 2877 1846 2957 σταδίους
1883 2877 2014 2949 ἀπὸ
2052 2888 2174 2978 τῆς
2212 2883 2465 2977 κρήνης

181 3009 300 3099 τῆς
339 2998 740 3097 Γαργαφίης
778 2995 1069 3093 ἀπέχον·
1146 2996 1538 3090 ἀπικόμενοι
1592 2995 1666 3067 δὲ
1716 2996 1951 3068 ἔθεντο
1996 3001 2126 3096 πρὸ
2164 3003 2278 3068 τοῦ
2319 3001 2462 3096 ἱροῦ

181 3117 261 3190 τὰ
326 3118 533 3190 ὅπλα.
655 3121 763 3188 καὶ
819 3118 880 3187 οἱ
933 3114 1049 3208 μὲν
1110 3119 1262 3214 περὶ
1323 3120 1397 3187 τὸ
1443 3103 1734 3214 σΗραιον
1797 3115 2460 3214 ἐστρατοπεδεύοντο,
2496 3126 2577 3188 53

187 3236 581 3334 Παυσανίης
617 3234 694 3307 δὲ
727 3235 938 3334 ὁρέων
981 3235 1195 3331 σφέας
1231 3233 1877 3328 ἀπαλλασσομένους
1917 3235 1990 3306 ἐκ
2020 3240 2139 3305 τοῦ
2177 3261 2459 3332 στρατο-

97 3374 153 3423 25
183 3356 392 3428 πέδου
430 3354 861 3454 παρήγγελλε
912 3356 1020 3424 καὶ
1055 3358 1227 3426 τοῖσι
1262 3352 1846 3446 Λακεδαιμονίοισι
1887 3352 2345 3454 ἀναλαβόντας
2380 3355 2463 3426 τὰ

186 3474 360 3546 ὅπλα
402 3474 566 3546 ἰέναι
602 3473 770 3544 κατὰ
806 3475 962 3552 τοὺς
999 3471 1248 3552 ἄλλους
1285 3474 1441 3553 τοὺς
1478 3476 1864 3570 προϊόντας,
1902 3478 2182 3567 νομίσας
2218 3474 2463 3553 αὐτοὺς

189 3594 255 3673 ἐς
300 3598 417 3665 τὸν
450 3600 676 3691 χῶρον
729 3592 894 3664 ἰέναι
938 3592 1007 3672 ές
1043 3594 1153 3662 τὸν
1195 3591 1674 3688 συνεθήκαντο.
1752 3592 2041 3664 ἐνθαῦτα
2079 3594 2139 3663 οἱ
2180 3590 2296 3685 μὲν
2336 3592 2460 3664 ἀλ-

495 3795 816 3868 ἀναχώρησις
833 3792 1106 3865 Ἑλλήνων
1133 3797 1257 3863 πρὸς
1281 3793 1573 3866 τῷ“Ηραὶῳ
1597 3802 1691 3865 τῆς
1715 3792 2007 3848 Πλαταιέων
2034 3794 2232 3854 πόλεως

394 3987 613 4037 18-20,
654 3983 978 4038 Plutarchus
1003 4000 1140 4038 mor.
1168 4001 1222 4053 p.
1254 3985 1354 4034 872

294 4128 335 4176 1.
379 4124 432 4182 ἐς
457 4129 625 4176 τοῦτο.
669 4120 864 4190 οὔνομα
889 4121 961 4183 δὲ,
1007 4122 1052 4183 ὁ,
1093 4122 1258 4192 ὠερόη
1286 4122 1343 4174 R
1401 4124 1422 4187 ΙΙ
1484 4123 1531 4171 6.
1576 4119 1730 4205 ἐξορμ
1731 4120 1962 4188 ωμὲνους
1988 4119 2172 4182 ABR,
2204 4120 2462 4190 ἐξορμεω-

197 4191 369 4258 μὲνους
413 4192 489 4246 Cb
562 4194 584 4256 11
666 4196 737 4243 11
784 4191 1013 4248 ὀπέωνας
1043 4190 1118 4251 Β,
1175 4190 1395 4248 ὀπάονας
1432 4189 1485 4240 Β
1557 4191 1579 4254 ΙΙ
1651 4206 1818 4241 εσανε
1890 4190 1911 4253 ΙΙ
1988 4191 2066 4240 13.
2110 4188 2276 4258 ἐκείνη
2278 4210 2305 4238 ν
2334 4188 2387 4240 R
2444 4190 2464 4257 ΙΙ

197 4260 269 4311 14
310 4279 370 4312 τεν
350 4260 732 4329 ροκειμένηςΒ
777 4260 796 4328 Η
843 4260 1014 4329 ἔγονε
1062 4263 1083 4324 ΙΙ
1142 4261 1221 4309 15.
1263 4258 1343 4328 δν]
1371 4277 1426 4310 τε
1465 4257 1677 4311 velte
1744 4262 1770 4309 ’ἒ
1824 4260 1846 4323 ΙΙ
1909 4260 1988 4308 16.
2031 4256 2151 4311 θεού
2156 4207 2462 4327 0⁷2;ABCb

193 4310 452 4400 τὴνδὴΒ
519 4332 540 4392 ΙΙ
629 4332 706 4381 ¹7
750 4320 1132 4380 ἀπαλλάσσοντο
1160 4344 1264 4380 om.
1296 4330 1324 4381 b
1394 4330 1417 4392 ΙΙ
1494 4329 1572 4378 15.
1612 4326 1664 4384 ἐς
1721 4328 1963 4381 νΑΒΟῡ
2039 4329 2061 4392 ΙΙ
2132 4328 2217 4391 ὡς]
2260 4327 2312 4383 ἐς
2345 4328 2391 4377 (¹

196 4397 269 4447 20
309 4400 494 4468 ἠραῖον
522 4400 577 4450 Β
637 4401 659 4462 ΙΙ
718 4398 783 4467 Fr?
813 4397 864 4447 R
923 4403 944 4463 ΙΙ
1005 4399 1299 4466 τῆς]τῶνθ
1347 4400 1368 4461 ΙΙ
1428 4398 1509 4446 23.
1553 4395 1823 4464 τὸὶρὸνΒ
1881 4398 1902 4460 ΙΙ
1962 4397 2043 4447 24.
2087 4397 2218 4467 ὁρων
2245 4397 2411 4449 ABR

196 4466 272 4517 25
313 4464 650 4538 παρήγγελεπ
