3059 5125
1106 313 1505 378 —9-
2313 314 2439 377 283

175 487 473 562 πείθουσι
510 485 969 581 Θεμιστοκλέα
1020 488 1128 562 ἐπὶ
1180 489 1409 585 μισθῷ
1450 494 1807 588 τριήκοντα
1858 488 2272 576 ταλάντοισι,
2325 476 2430 560 ἐπ’

176 599 234 703 ᾧ
272 632 346 680 τε
382 611 887 701 καταμείναντες
921 612 1052 706 πρὸ
1090 616 1211 708 τῆς
1252 606 1549 710 Εὐβοίης
1584 613 1986 708 ποιήσονται
2022 610 2144 706 τὴν
2179 632 2439 701 ναυμα-

174 731 351 825 χίην.
410 727 444 798 ὁ
482 724 559 798 δὲ
595 724 1091 826 Θεμιστοκλέης
1118 730 1276 810 τοὺς
1300 716 1656 826 (Έλληνας
1690 727 1989 825 ἐπισχεῖν
2030 728 2163 799 ὧδε
2199 725 2433 800 ποιέει.
2474 729 2510 789 5

176 842 558 948 Εὐρυβιάδῃ
611 843 865 918 τούτων
917 855 1051 917 τῶν
1107 873 1242 947 χρη
1253 848 1484 942 μάτων
1537 848 1889 940 μεταδιδοῖ
1920 847 2116 920 πέντε
2150 845 2441 920 τάλαντα

116 983 142 1029 5
175 968 265 1045 ὡς
297 959 458 1064 παρ’
506 965 765 1037 ἑωυτοῦ
800 965 1007 1066 δῆθεν
1044 967 1285 1047 διδούς.
1362 971 1459 1048 ὡς
1512 968 1588 1039 δέ
1642 969 1706 1038 οἱ
1742 967 1938 1047 οὗτος
1973 963 2438 1050 ἀνεπέπειστο,

165 1075 605 1178 Ἀδείμαντος
641 1084 769 1183 γὰρ
808 1086 843 1156 ὁ
872 1076 1158 1160 Ὠκύτου
1194 1086 1230 1156 δ
1270 1082 1629 1185 Κορίνθιος
1685 1088 2060 1185 στρατηγὸς
2107 1094 2241 1158 τῶν
2296 1085 2437 1158 λοι-

170 1211 309 1276 πῶν
365 1206 658 1302 ἤσπαιρε
694 1210 985 1298 μοῦνος,
1059 1207 1381 1302 φάμενος,
1408 1202 1956 1281 ἀποπλεύσεσθαί
2012 1229 2084 1279 τε
2138 1203 2273 1278 ἀπὸ
2322 1209 2440 1276 τοῦ

165 1317 593 1421 Ἀρτεμισίου
650 1326 758 1397 καὶ
795 1322 876 1394 οὐ
910 1325 1389 1422 παραμενέειν,
1425 1327 1595 1423 πρὸς
1633 1324 1717 1421 δὴ
1770 1331 2004 1396 τοῦτον
2054 1324 2200 1397 εἶπε
2235 1325 2272 1394 ὁ
2310 1321 2437 1400 Θε-

175 1441 573 1541 μιστοκλέης
626 1442 973 1537 ἐπομόσας
1012 1436 1138 1516 “οὑ
1184 1446 1267 1518 σύ
1303 1471 1380 1542 γε
1416 1444 1642 1543 ἡμέας
1676 1441 2101 1541 ἀπολείψεις,
2156 1442 2304 1518 ἐπεί
2335 1467 2440 1514 τοι

89 1584 143 1633 10
174 1563 305 1660 ἐγὼ
343 1564 531 1655 μέζω
590 1564 778 1662 δῶρα
827 1563 1028 1637 δώσω
1074 1562 1120 1662 ἢ
1152 1562 1467 1663 βασιλεὺς
1517 1561 1595 1636 ἄν
1642 1590 1747 1636 τοι
1782 1564 1818 1634 ὁ
1857 1559 2120 1661 Μήδων
2153 1561 2440 1659 πέμψειε

173 1679 565 1754 ἀπολιπόντι
621 1683 779 1762 τοὺς
834 1672 1289 1781 συμμάχους.”
1386 1684 1594 1760 ταῦτά
1650 1708 1724 1756 τε
1785 1682 1927 1777 ἅμα
1986 1683 2271 1780 ἠγόρευε
2333 1682 2441 1756 καὶ

172 1801 416 1895 πέμπει
470 1801 583 1874 ἐπὶ
632 1804 755 1899 τὴν
795 1800 915 1874 νέα
951 1804 1075 1899 τὴν
1105 1795 1553 1895 Ἀδειμάντου
1591 1801 1881 1876 τάλαντα
1916 1798 2231 1901 ἀργυρίου
2262 1803 2434 1899 τρία.

173 1920 346 1994 οὗτοί
401 1946 474 1993 τε
532 1920 618 2018 δὴ
670 1920 914 2001 πάντες
972 1919 1247 2020 δώροισι
1297 1919 1857 2015 ἀναπεπεισμένοι
1904 1923 2080 2021 ἦσαν
2121 1925 2230 1996 καὶ
2265 1922 2438 1994 τοῖσι

176 2036 505 2140 Εὐβοεῦσι
563 2040 991 2139 ἐκεχάριστο,
1053 2040 1252 2122 αὐτός
1308 2066 1378 2113 τε
1448 2042 1485 2111 ὁ
1545 2039 2044 2139 Θεμιστοκλέης
2092 2040 2436 2138 ἐκέρδηνε,

89 2178 142 2228 15
172 2159 497 2232 ἐλάνθανε
535 2158 611 2233 δὲ
645 2157 730 2231 τὰ
759 2159 963 2233 λοιπὰ
997 2158 1204 2257 ἔχων,
1242 2149 1394 2231 ἀλλ’
1439 2160 1812 2258 ἠπιστέατο
1846 2162 1907 2232 οἱ
1947 2159 2438 2260 μεταλαβόντες

172 2281 415 2351 τούτων
454 2287 588 2351 τῶν
626 2278 997 2378 χρημάτων
1036 2279 1110 2351 ἐκ
1146 2286 1277 2350 τῶν
1297 2268 1682 2378 Ἀθηναίων
1722 2279 1942 2354 ἐλθεῖν
1984 2279 2094 2353 ἐπὶ
2124 2281 2228 2375 τῷ
2254 2280 2437 2377 λόγῳ

172 2400 381 2496 τούτῳ
417 2398 502 2472 τὰ
532 2402 876 2499 χρήματα.

314 2516 511 2592 Οὕτω
569 2519 655 2618 δὴ
710 2517 1099 2613 κατέμεινάν
1138 2543 1208 2592 τε
1244 2519 1313 2592 ἐν
1354 2522 1439 2619 τῇ
1474 2515 1738 2621 Εὐβοίῃ
1781 2521 1889 2592 καὶ
1922 2520 2431 2618 ἐναυμάχησαν.
2474 2521 2512 2611 6

174 2638 433 2735 ἐγένετο
503 2638 577 2711 δὲ
647 2640 804 2712 ὧδε.
916 2638 1135 2712 ἐπείτε
1193 2639 1281 2737 δὴ
1354 2639 1423 2722 ἐς
1455 2640 1573 2721 τὰς
1624 2629 1923 2737 Ἀφέτας
1985 2642 2136 2737 περὶ
2207 2639 2436 2737 δείλην

90 2773 143 2823 2⁰
175 2763 427 2857 πρωίην
478 2757 842 2856 γινομένην
892 2755 1176 2831 ἀπίκατο
1229 2760 1291 2832 οἰ
1345 2758 1711 2860 βάρβαροι,
1767 2760 2135 2855 πυθόμενοι
2176 2758 2298 2853 μὲν
2338 2757 2437 2830 ἔτι

178 2879 275 2949 καὶ
320 2880 643 2977 πρότερον
697 2882 851 2977 περὶ
894 2880 969 2949 τὸ
997 2867 1427 2977 Ἀρτεμίσιον
1482 2879 1873 2977 ναυλοχέειν
1923 2879 2081 2961 νέας
2106 2866 2432 2975 Ἑλληνί-

178 2994 286 3077 δας
324 2996 577 3094 ὀλίγας,
607 3000 755 3070 τότε
785 2997 860 3070 δὲ
889 2997 1081 3070 αὐτοὶ
1119 2998 1388 3087 ἰδόντες,
1430 2998 1768 3096 πρόθυμοι
1802 3000 1977 3096 ἦσαν
2015 2997 2434 3094 ἐπιχειρέειν,

177 3115 235 3184 εἴ
279 3143 412 3200 κως
467 3115 687 3191 ἕλοιεν
740 3116 968 3197 αὐτάς.
1044 3116 1119 3188 ἐκ
1168 3114 1287 3210 μὲν
1336 3116 1424 3216 δὴ
1475 3126 1598 3217 τῆς
1650 3115 1882 3216 ἀντίης
1916 3115 2322 3215 προσπλέειν
2355 3114 2435 3187 οὔ

470 3368 546 3423 ὅτι
570 3369 921 3443 Θεμιστοκλῆς
942 3372 1200 3444 χρήμασιν
1235 3370 1434 3426 ἔπειθεν
1459 3367 1781 3443 Εὐρυβιάδην
1806 3371 1893 3426 καὶ
1918 3364 2247 3440 Ἀδείμαντον
2273 3375 2442 3439 μεῖναι

365 3440 453 3493 καὶ
476 3446 803 3515 ναυμαχῆσαι

182 3596 368 3605 ——-——

324 3765 337 3779 .
367 3701 416 3754 4.
457 3697 723 3768 μεταδιδοῖ
746 3729 775 3740 ·-
800 3700 830 3750 5
857 3697 1024 3757 διδούς
1057 3698 1298 3782 Lexjcou
1324 3697 1560 3753 vindob.
1589 3717 1645 3780 p.
1682 3700 1795 3751 125.
1840 3725 1899 3738 —
1940 3697 2261 3752 Plutarchus
2288 3696 2435 3751 The-

270 3769 495 3891 3:231·ssss
519 3797 588 3890 H
612 3764 1021 3908 ίὶρρᾶἰξὲιρίνθιος
1050 3800 1076 3809 -
1105 3770 1135 3820 8
1178 3766 1482 3840 Αρτεμισίου
1510 3767 1703 3824 ὃωάειε
1731 3786 1779 3821 v.
1818 3766 2080 3838 ἤσπαιρεν.
2125 3797 2181 3806 -
2230 3769 2277 3819 7.
2318 3766 2435 3820 Eu-

273 3993 319 4041 2.
356 4010 406 4044 τε
431 4009 539 4045 om.
572 3990 629 4043 R
686 3992 708 4056 ΙΙ
766 3993 815 4043 4.
855 3992 1076 4045 τουτέων
1102 4011 1127 4044 z
1182 3994 1204 4056 ΙΙ
1264 3991 1560 4061 μεταδιδοὺς
1587 3992 1720 4047 Lex.
1752 3990 1913 4044 Vind.
1977 3994 2001 4055 ΙΙ
2056 3995 2103 4043 5.
2147 3990 2316 4045 &muz-⁸
2347 4010 2374 4043 z

183 4058 227 4108 6.
263 4056 581 4129 ὁΚορίνθιος
606 4059 833 4115 Suidast
882 4059 1118 4133 κόρινθος
1150 4061 1219 4124 C,
1254 4081 1315 4115 κο
1350 4060 1509 4120 ίνθιος
1547 4060 1728 4115 ceteri.
1796 4057 1875 4114 Ko
1912 4060 2083 4114 ινθίων
2121 4058 2296 4114 Schae
2321 4078 2380 4113 er

183 4133 270 4178 τῶν
291 4127 475 4183 λοιπῶν
511 4147 622 4182 om.
665 4127 769 4184 PR
827 4132 849 4194 ΙΙ
911 4132 960 4182 7.
1001 4128 1308 4184 ἀποπλώσεα
1347 4131 1398 4185 αί
1423 4130 1477 4182 R
1536 4134 1558 4196 ΙΙ
1624 4132 1698 4182 12.
1740 4134 1839 4210 νῆα
1868 4078 1922 4183 ᾖ
1977 4132 2000 4195 ΙΙ
2057 4130 2167 4192 τὶν]
2194 4134 2285 4181 τοῦ
2311 4131 2375 4185 dz

189 4196 258 4245 13.
294 4198 482 4264 πάντες]
514 4196 583 4250 πλ
624 4198 793 4268 γέντες
819 4199 903 4252 Ra
949 4201 971 4263 ΙΙ
1020 4198 1137 4251 ἔσαν
1163 4218 1188 4253 z
1235 4202 1257 4264 ΙΙ
1312 4202 1388 4252 14.
1419 4199 1645 4268 εὐβοέσιν
1678 4200 1737 4259 G,
1771 4198 2012 4269 Εὐβοέεσι
2037 4218 2062 4251 z
2105 4160 2127 4264 ἡ
2168 4197 2435 4267 ἐκέρδανεν

188 4264 249 4327 R,
288 4266 549 4337 ἐκέρδησεν
574 4286 591 4318 ι
666 4269 689 4332 ΙΙ
755 4268 834 4319 16.
874 4268 1095 4321 τουτέων
1118 4286 1144 4320 z
1203 4270 1225 4334 n
1284 4264 1549 4339 Ἀθηνέων
1577 4268 1865 4323 Bekkerus
1909 4271 1932 4333 11
1984 4269 2061 4318 17.
2101 4266 2167 4319 τὰ
2190 4267 2435 4338 χρήματα

187 4349 281 4385 om.
308 4336 361 4389 R
404 4338 427 4400 ΙΙ
485 4338 567 4389 19.
609 4335 727 4390 ὧιδε
754 4336 809 4390 P
848 4339 870 4403 ΙΙ
920 4337 1107 4390 ἐπείτε
1133 4336 1185 4396 ἐς
1209 4338 1326 4397 τοὺς
1355 4338 1412 4391 R
1456 4338 1479 4401 ΙΙ
1527 4337 1640 4408 περὶ
1668 4335 1836 4405 δείλην
1862 4354 1967 4390 om.
2003 4339 2051 4391 Ο
2091 4338 2111 4401 ΙΙ
2167 4339 2249 4389 20.
2290 4354 2437 4406 γενο-

188 4400 329 4475 μένην
355 4404 434 4459 Ra
501 4406 525 4470 Ι
593 4404 840 4459 ἀπικέατο
863 4403 941 4457 Pz
1011 4408 1032 4470 Π
1081 4407 1163 4458 21.
1204 4408 1261 4458 τὸ
1287 4425 1395 4460 om.
1426 4406 1622 4461 AB&
1688 4408 1710 4473 ΙΙ
1779 4405 1987 4476 νῆαςΒ
2055 4407 2078 4470 ΙΙ
2148 4407 2231 4457 22.
2271 4406 2383 4460 τότε
2409 4434 2437 4444 -·

191 4469 355 4532 ἰδόντες
378 4492 483 4528 om.
512 4473 569 4526 R
614 4477 638 4541 Ι
684 4474 803 4528 ἕσαν
828 4493 854 4528 z
900 4477 923 4540 u
965 4478 1048 4526 23.
1092 4474 1409 4545 προσπλώειν
1436 4474 1516 4526 Ιίι
