3059 5125
847 311 1241 378 ...Γ-
2066 318 2188 382 279

1 497 194 590 τῆσαι
252 490 501 564 τοῖσιδε
554 494 723 564 τοῖσι
780 488 992 566 ἔπεσι.
1075 484 1184 561 “‹1›
1219 490 1517 592 βασιλεῦ,
1574 495 1668 590 μὴ
1705 492 1919 565 πάντα
1955 491 2184 592 ἡλικίῃ

0 613 24 681 ;ὶ
66 609 275 707 θυμῷ
322 608 676 710 ἐπίτραπε,
738 599 888 684 ἀλλ’
951 614 1102 708 ἴσχε
1156 612 1264 683 καὶ
1318 610 1795 712 καταλάμβανε
1847 599 2181 685 σεωυτόν·

0 729 189 802 ἀθῶν
247 755 320 801 τε
370 732 657 828 πρόνοον
711 730 909 810 εἶναι,
970 732 1178 827 σοφὸν
1230 729 1305 804 δὲ
1355 731 1401 829 ἡ
1450 729 1834 831 προμηθίη.
1962 734 2044 806 σὺ
2110 732 2185 805 δὲ

0 855 185 931 είνεις
252 849 370 943 μὲν
441 848 686 949 ἄνδρας
736 855 1036 924 σεωυτοῦ
1092 847 1425 950 πολιήτας
1492 839 1597 923 ἐπ’
1658 850 1942 951 οὐδεμιῇ
1999 851 2182 950 αἰτίῃ

0 970 247 1070 ιοχρέῳ
304 968 502 1048 ἑλών,
564 974 836 1052 κτείνεις
891 969 963 1043 δὲ
1017 969 1285 1051 παῖδας.
1379 971 1464 1069 ἢν
1523 969 1598 1044 δὲ
1645 971 1866 1045 πολλὰ
1911 976 2185 1044 τοιαῦτα

0 1091 175 1190 ,ιέῃς,
239 1091 364 1190 ὅρα
421 1090 596 1172 ὅκως
650 1093 745 1189 μή
800 1116 918 1163 σευ
968 1088 1468 1189 ἀποστήσονται
1528 1089 1805 1190 Πέρσαι.
1900 1090 2053 1185 ἐμοὶ
2111 1089 2187 1163 δὲ

0 1214 127 1311 πὴρ
183 1212 301 1291 σὸς
350 1205 579 1309 Κῦρος
627 1208 1010 1283 ἐνετέλλετο
1062 1210 1285 1283 πολλὰ
1334 1208 1626 1283 κελεύων
1679 1237 1756 1284 σε
1813 1210 2183 1285 νουθετέειν

0 1333 19 1401 ὶ
52 1326 496 1403 ὑποτίθεσθαι
534 1330 574 1401 ὅ
606 1355 668 1401 τι
706 1326 785 1403 ἂν
822 1329 1106 1429 εὑρίσκω
1143 1317 1476 1427 ἀγαθόν.”
1562 1330 1598 1401 δ
1637 1327 1756 1425 μὲν
1796 1330 1882 1428 δὴ
1922 1331 2186 1429 εὐνοίην

0 1454 167 1522 ιίνων
221 1448 660 1549 συνεβούλευέ
709 1451 772 1521 οἱ
818 1455 1057 1522 ταῦτα·
1128 1449 1163 1519 ὁ
1215 1442 1273 1520 δ’
1334 1446 1649 1551 ἀμείβετο
1697 1448 1964 1522 τοῖσιδε.
2049 1436 2184 1522 “σδ

0 1572 18 1641 ἰ
52 1571 210 1664 ἐμοὶ
243 1570 505 1668 τολμᾷς
541 1566 1040 1672 συμβουλεύειν,
1100 1570 1175 1652 ὃς
1210 1576 1530 1668 χρηστῶς
1570 1569 1688 1664 μὲν
1725 1572 1848 1669 τὴν
1886 1574 2184 1643 σεωυτοῦ

0 1690 200 1789 ετρίδα
255 1689 787 1789 ἐπετρόπευσας,
860 1689 936 1762 εὖ
994 1688 1069 1761 δὲ
1124 1690 1224 1785 τῷ
1267 1692 1467 1789 πατρὶ
1519 1691 1620 1786 τῷ
1665 1689 1812 1789 ἐμῷ
1864 1689 2183 1790 συνεβού-

0 1834 170 1890 mae„
229 1806 519 1880 κελεύων
570 1808 770 1880 αὐτὸν
812 1803 1109 1907 Ἀράξεα
1152 1810 1455 1905 ποταμὸν
1508 1809 1832 1912 διαβάντα
1871 1805 2038 1882 ἰέναι
2075 1808 2186 1881 ἐπὶ

0 1927 385 2026 ισσαγέτας,
448 1926 884 2030 βουλομένων
936 1928 1204 2001 ἐκείνων
1255 1928 1616 2032 διαβαίνειν
1666 1928 1737 2010 ές
1771 1931 1895 2028 τὴν
1930 1926 2183 2028 ἡμετέ-

2 2075 72 2131 ν,
136 2049 251 2120 καὶ
305 2043 438 2119 ἀπὸ
492 2046 612 2140 μὲν
668 2049 961 2121 σεωυτὸν
1009 2046 1273 2130 ὤλεσας
1326 2056 1451 2150 τῆς
1515 2053 1816 2122 σεωυτοῦ
1870 2049 2186 2148 πατρίδος

0 2176 131 2251 κῶς
167 2165 482 2268 προστάς,
526 2164 657 2239 ἀπὸ
696 2164 771 2238 δὲ
805 2164 1069 2249 ὤλεσας
1109 2165 1333 2267 Κῦρον
1370 2168 1771 2265 πειθόμενον
1814 2172 1943 2242 σοί.
2022 2158 2175 2240 ἀλλ’

0 2313 50 2360 τι
84 2289 368 2386 χαίρων,
406 2284 554 2359 έπεί
586 2312 689 2359 τοι
725 2290 832 2359 καὶ
866 2286 1076 2361 πάλαι
1113 2289 1184 2370 ἐς
1219 2289 1299 2362 σὲ
1329 2269 1708 2388 προφάσιός
1742 2313 1857 2361 τευ
1893 2287 2183 2387 ἐδεόμην

0 2396 426 2508 ιλαβέσθαι.”
521 2411 733 2479 ταῦτα
770 2405 846 2479 δὲ
882 2408 1075 2486 εἴπας
1110 2406 1448 2508 ἐλάμβανε
1497 2411 1576 2480 τὸ
1621 2408 1807 2488 τόξον
1848 2411 1942 2489 ὡς
1977 2433 2181 2481 κατα-

0 2528 239 2608 Ξεύσων
271 2526 490 2600 αὐτόν.
551 2523 844 2626 Κροῖσος
876 2525 950 2599 δὲ
979 2523 1386 2626 ἀναδραμὼν
1417 2525 1572 2601 ἔθεε
1606 2526 1759 2610 ἔξω.
1820 2529 1855 2599 ὁ
1889 2525 1963 2601 δὲ
2000 2528 2182 2601 ἐπεί-

10 2648 320 2729 τοξεῦσαι
352 2646 475 2718 οὐκ
504 2646 666 2745 εἶχε,
700 2647 1072 2720 ἐνετείλατο
1104 2650 1277 2721 τοῖσι
1310 2648 1681 2747 θεράπουσι
1714 2648 2046 2750 λαβόντας
2077 2675 2183 2743 μιν

0 2768 316 2841 οκτεῖναι.
410 2770 472 2838 οἱ
512 2766 586 2839 δὲ
621 2766 1035 2868 θεράποντες
1071 2768 1496 2863 ἐπιστάμενοι
1536 2771 1644 2840 τὸν
1682 2771 1928 2868 τρόπον
1980 2767 2184 2840 αὐτοῦ

0 2890 437 2987 τακρύπτουσι
471 2890 583 2960 τὸν
627 2884 920 2987 Κροῖσον
956 2887 1064 2959 ἐπὶ
1104 2884 1283 2984 τῷδε
1321 2890 1420 2985 τῷ
1460 2888 1643 2986 λόγῳ
1695 2890 1890 2971 ὥστε,
1951 2888 2009 2960 εἰ
2064 2885 2183 2981 μὲν

0 3006 357 3106 ταμελήσῃ
412 3010 514 3106 τῷ
556 3004 903 3108 Καμβύσῃ
955 3009 1062 3079 καὶ
1114 3005 1442 3105 ἐπιζητέῃ
1493 3009 1608 3078 τὸν
1652 3005 1965 3107 Κροῖσον,
2010 3009 2072 3079 οἱ
2110 3007 2183 3078 δὲ

0 3132 324 3227 φήναντες
361 3126 560 3207 αὑτὸν
599 3128 788 3226 δῶρα
826 3126 1203 3225 λάμψονται
1257 3127 1560 3226 ζωάγρια
1596 3123 1913 3226 Κροίσου,
1970 3127 2055 3224 ἢν
2110 3126 2185 3199 δὲ

0 3278 7 3345 1
59 3247 526 3345 μεταμέληται
579 3247 758 3346 μηδὲ
804 3245 1031 3346 ποθέῃ
1073 3273 1206 3342 μιν,
1250 3249 1400 3318 τότε
1439 3246 1927 3345 καταχρᾶσθαι.
2021 3245 2180 3317 ἐπό-

0 3366 94 3461 1σέ
139 3393 209 3439 τε
259 3367 344 3467 δὴ
403 3368 438 3440 ὁ
481 3363 867 3467 Καμβύσης
919 3367 1031 3436 τὸν
1073 3362 1363 3465 Κροῖσον
1419 3366 1497 3437 ού
1548 3364 1784 3464 πολλῷ
1831 3365 2184 3459 μετέπειτα

17 3591 68 3640 1.
109 3588 293 3642 τοῖσιδε
318 3589 423 3643 st:
449 3591 582 3641 τοῖσι
608 3586 664 3640 δὲ
693 3587 753 3651 0,
778 3585 949 3639 τοῖσδε
973 3585 1171 3656 reliqui
1241 3588 1263 3651 11
1330 3590 1441 3645 τοῖς
1469 3587 1526 3640 R
1596 3587 1620 3650 11
1692 3588 1740 3638 ’2.
1783 3586 2017 3657 ἐπίτρεπε
2044 3586 2093 3640 L
2162 3588 2185 3650 11

0 3656 194 3780 ξᾶαθόν
214 3676 269 3742 τε
291 3659 390 3723 A2,
417 3655 612 3778 άῃαθιὲὶν
638 3674 686 3708 τι
712 3648 1007 3779 ἐῖᾙάγαθόν
1028 3654 1340 3776 {ogReiske
1393 3659 1426 3779 1ὲ
1474 3674 1614 3778 τίρὲι
1655 3653 1864 3776 θίηιιδῌ,
1892 3650 2149 3778 mog-inge(

1 3728 250 3868 άξιοῃχρῖεεο
266 3728 410 3850 {dut
449 3768 528 3858 de}
581 3743 750 3865 ἕξω
780 3797 802 3860 11
885 3727 934 3846 ἓ.
970 3741 1303 3863 1ξτοοιὲιιξαῖίκΒ
1315 3726 1342 3858 ,n
1370 3742 1523 3862 ποῗξς
1560 3793 1616 3846 R
1697 3743 1771 3857 110)
1800 3731 2186 3861 {afferi-‘homnae

0 3867 27 3916 'z
97 3866 122 3928 11
190 3868 233 3918 7.
275 3866 301 3919 ὁ
328 3866 415 3925 σὸς
439 3863 561 3919 Bek
607 3881 665 3917 er
720 3864 744 3930 11
808 3861 1089 3916 ἐνετείλατο
1116 3862 1174 3917 R
1232 3864 1253 3928 11
1310 3862 1568 3917 νουθετεῖν
1598 3880 1651 3915 σε
1679 3863 1736 3916 R
1803 3864 1827 3927 11
1899 3864 1947 3913 8.
1990 3859 2188 3915 εὔνοιαν

31 4004 58 4066 11
131 4003 173 4053 9.
213 4002 570 4074 συνεβούλευσε
597 4002 655 4056 R
715 4004 737 4066 11
793 4000 1040 4056 τοῖσδεΙΞ
1106 4004 1130 4066 11
1204 4003 1284 4054 10.
1327 3932 1397 4061 ξς
1424 4002 1491 4065 Ρ,
1520 4003 1590 4059 ὡς
1619 4002 1674 4055 R
1734 4002 1755 4065 ΙΙ
1816 4000 2009 4054 ἑωυτοῦ
2038 4001 2094 4053 R
2165 4001 2187 4064 11

41 4071 225 4142 άράξεα
258 4093 344 4128 εει
384 4072 576 4144 ἀράξην
657 4073 680 4137 11
767 4071 847 4123 14.
885 4076 981 4141 τῆς
1017 4102 1047 4112 -
1089 4073 1151 4123 15
1188 4071 1381 4128 ὤλεσας
1417 4087 1524 4123 om.
1560 4071 1615 4123 R
1697 4074 1719 4135 11
1803 4070 1995 4122 ἑωυτοῦ
2041 4068 2089 4121 G
2165 4073 2187 4136 11

41 4138 335 4210 πειθόμενόν
362 4159 439 4195 σοι
463 4142 515 4195 L
571 4142 593 4205 11
656 4142 737 4192 16.
778 4136 915 4192 οὗτοι
941 4158 969 4192 z
1026 4141 1049 4205 11
1105 4142 1208 4205 τευ]
1236 4157 1292 4192 τε
1320 4140 1376 4193 R
1433 4142 1455 4205 11
1519 4141 1599 4191 17.
1640 4138 1989 4208 ἐπιλαβέσθαι.
2029 4143 2190 4191 ταῦτα

0 4226 112 4261 om.
140 4212 322 4266 ABCd
363 4213 388 4277 11
435 4209 757 4279 ἐπελάμβανε
781 4208 846 4261 τὰ
868 4209 1071 4273 τόξαΒ
1118 4212 1140 4275 11
1195 4211 1274 4261 18.
1316 4210 1519 4279 ἐπείπερ
1547 4210 1585 4262 d
1629 4211 1650 4275 11
1717 4210 1794 4260 19.
1836 4207 2189 4276 λαμβάνοντας

0 4278 21 4308 ³
76 4280 102 4341 11
159 4280 235 4332 21.
278 4281 502 4349 μὲνοπι.
534 4278 591 4332 R
654 4281 676 4343 11
741 4280 823 4329 22.
868 4278 1436 4348 μεταμελήσηιΑΒίί
1468 4276 1809 4345 μεταμελήσει
1869 4280 1891 4342 11
1952 4277 2189 4344 ἐπιζητῆι

0 4349 105 4410 ΒΟ,
137 4347 354 4421 ἐπιζητοῖ
379 4350 428 4411 d,
461 4349 690 4418 ἐπιζητεῖ
719 4348 781 4412 Ρ,
812 4347 1106 4418 ἐπιζητήσει
1132 4349 1205 4410 R,
1237 4347 1500 4417 ἑπιζητοίη
1528 4366 1589 4415 q:
1670 4348 1693 4411 11
1776 4350 1858 4397 23.
1900 4346 2050 4398 αὐτὸν
2076 4362 2184 4398 om.

35 4418 60 4497 11
120 4414 357 4499 λήσξίονται
382 4418 439 4471 R
495 4421 517 4484 11
577 4416 651 4483 δὲ]
682 4419 775 4485 μὲν
802 4416 953 4540 3?qu
1023 4418 1045 4481 11
1116 4418 1199 4468 24.
1243 4415 1592 4485 μεταμελῆται
1618 4416 1668 4471 L
1731 4417 1754 4479 11
1829 4414 2083 4484 μηδέποτε
2112 4414 2184 4476 R,

0 4483 57 4536 δε
84 4483 217 4559 ποθῃ
242 4496 401 4540 oeten
447 4489 469 4551 11
513 4487 850 4558 καταχρήσασ

887 4503 938 4539 αι
964 4486 1039 4547 R,
1067 4482 1424 4557 καταχρῆσθαι
1450 4484 1616 4539 ceteri
