3059 5125
724 875 803 937 37

830 207 957 270 280
1788 202 2170 266 -Γ-

830 383 1055 480 χρόνῳ
1093 379 1389 478 ὕστερον,
1450 382 1558 450 καὶ
1613 380 1676 450 οί
1723 377 2129 477 θεράποντες
2167 378 2496 472 μαθόντες
2532 384 2731 450 τοῦτο
2769 378 3041 475 ἐπηγγέλ-

834 501 1028 572 λοντο
1068 499 1254 596 αὐτῷ
1312 502 1405 579 ὡς
1451 503 1736 598 περιείη.
1835 495 2222 599 Καμβύσης
2274 495 2348 568 δὲ
2388 494 2668 598 Κροίσῳ
2725 496 2843 593 μὲν
2893 502 3042 594 συνῇ·

831 620 1068 694 δεσθαι
1123 619 1259 717 ἔφη
1311 619 1660 718 περιεόντι,
1723 617 2010 700 ἐκείνους
2070 618 2298 712 μέντοι
2350 620 2504 699 τοὺς
2537 622 3044 718 περιποιήσαντας

832 739 913 813 οὐ
952 738 1510 839 καταπροΐξεσθαι
1547 731 1701 809 ἀλλ’
1749 734 2190 812 ἀποκτενέειν.
2260 740 2366 809 καὶ
2402 737 2684 836 ἐποίησε
2721 743 2938 810 ταῦτα.

972 848 1061 930 ‘O
1101 857 1224 954 μὲν
1263 859 1350 956 δὴ
1387 864 1665 930 τοιαῦτα
1705 855 1930 929 πολλὰ
1966 858 2036 939 ἐς
2075 856 2343 957 Πέρσας
2391 883 2465 930 τε
2502 860 2611 929 καὶ
2647 859 2804 939 τοὺς
2838 857 3044 952 συμμά-

830 1007 996 1080 χους
1048 979 1459 1073 ἐξεμαίνετο,
1539 978 1762 1072 μένων
1821 976 1888 1048 ἐν
1950 972 2192 1076 Μέμφι
2248 979 2357 1049 καὶ
2410 977 2634 1075 θήκας
2692 1002 2764 1049 τε
2815 975 3047 1055 παλαιὰς

832 1098 1116 1200 ἀνοίγων
1159 1101 1265 1171 καὶ
1303 1100 1753 1192 σκεπτόμενος
1787 1098 1943 1177 τοὺς
1978 1098 2271 1196 νεκρούς.
2361 1099 2456 1178 ὣς
2492 1095 2569 1169 δὲ
2607 1097 2693 1196 δὴ
2742 1101 2843 1171 καὶ
2878 1098 2941 1177 ἐς
2969 1102 3045 1168 τοῦ

822 1208 1206 1317 (Ηφαίστου
1242 1221 1314 1289 τὸ
1354 1220 1490 1318 ἱρὸν
1529 1216 1704 1317 ἦλθε
1756 1220 1864 1289 καὶ
1897 1216 2123 1290 πολλὰ
2157 1219 2260 1314 τῷ
2300 1213 2641 1314 ἀγάλματι
2678 1217 3044 1315 κατεγέλασε.

833 1340 975 1413 ἔστι
1022 1338 1147 1437 γὰρ
1201 1343 1321 1409 τοῦ
1357 1323 1744 1436 εΗφαίστου
1791 1335 2119 1435 τῶγαλμα
2156 1338 2326 1410 τοῖσι
2362 1335 2806 1436 Φοινικηίοισι
2845 1336 3043 1409 Παταί-

833 1486 1001 1533 κοισι
1039 1456 1554 1557 ἐμφερέστατον,
1616 1458 1775 1538 τοὺς
1827 1458 1889 1528 οἱ
1925 1455 2229 1539 Φοίνικες
2282 1455 2350 1529 ἐν
2404 1459 2563 1555 τῇσι
2607 1462 2912 1558 πρώρῃσι
2951 1463 3044 1528 τῶν

831 1577 1163 1679 τριηρέων
1219 1574 1630 1676 περιάγουσι.
1755 1577 1831 1658 ὃς
1901 1576 1976 1649 δὲ
2029 1578 2302 1657 τούτους
2354 1579 2452 1674 μὴ
2511 1576 2780 1659 ὄπωπε,
2840 1578 2958 1675 ἐγὼ
3000 1573 3048 1647 δὲ

833 1696 1161 1798 σημανέω
1185 1720 1199 1734 ·
1256 1701 1595 1794 πυγμαίου
1633 1692 1879 1796 ἀνδρὸς
1916 1701 2197 1795 μίμησίς
2233 1695 2394 1770 ἐστι.
2489 1696 2740 1798 ἐσῆλθε
2787 1697 2856 1769 δὲ
2887 1699 2975 1768 καὶ
3004 1695 3049 1774 ἐς

832 1826 966 1892 τῶν
1006 1815 1365 1919 Καβείρων
1404 1818 1478 1887 τὸ
1521 1816 1682 1916 ίρόν,
1737 1816 1807 1897 ἐς
1859 1820 1936 1888 τὺ
1988 1815 2067 1887 ού
2117 1815 2388 1911 θεμιτόν
2436 1815 2580 1889 ἐστι
2615 1817 2860 1891 ἐσιέναι
2892 1815 3048 1888 ἄλλον

834 1964 909 2037 γε
945 1937 991 2037 ἢ
1031 1940 1143 2009 τὸν
1185 1936 1366 2036 ἱρέα·
1422 1941 1632 2009 ταῦτα
1689 1933 1764 2009 δὲ
1813 1935 1896 2010 τὰ
1947 1934 2309 2035 ἀγάλματα
2362 1940 2470 2010 καὶ
2521 1936 2849 2037 ἐνέπρησε
2878 1931 3051 2008 πολλὰ

834 2058 1300 2154 κατασκώψας.
1402 2054 1544 2129 ἔστι
1586 2056 1659 2130 δὲ
1697 2060 1804 2129 καὶ
1841 2061 2052 2130 ταῦτα
2089 2057 2292 2152 ὅμοια
2328 2061 2498 2131 τοῖσι
2535 2064 2650 2130 τοῦ
2681 2045 3045 2156 Ἡφαίστου·

726 2185 808 2248 38
835 2180 1071 2249 τούτου
1108 2174 1183 2247 δέ
1220 2202 1434 2274 σφεας
1467 2177 1715 2257 παῖδας
1746 2175 2015 2274 λέγουσι
2046 2175 2233 2249 εἶναι.
2304 2181 2620 2278 πανταχῇ
2650 2180 2747 2249 ὧν
2784 2204 2886 2272 μοι
2917 2172 3049 2274 δῆλά

836 2298 973 2371 ἐστι
1022 2297 1122 2369 ὅτι
1175 2295 1395 2395 ἐμάνη
1454 2295 1769 2393 μεγάλως
1822 2297 1858 2367 ό
1900 2294 2326 2399 Καμβύσης·
2398 2296 2479 2369 οὐ
2524 2295 2649 2397 γὰρ
2689 2295 2766 2371 ἂν
2806 2299 2972 2396 ἱροῖσί
2999 2318 3050 2363 τε

835 2420 944 2489 καὶ
1003 2421 1340 2510 νομαίοισι
1395 2415 1801 2514 ἐπεχείρησε
1860 2415 2253 2515 καταγελᾶν.
2364 2417 2419 2490 εἰ
2487 2418 2612 2517 γάρ
2667 2443 2767 2499 τις
2816 2414 3045 2516 προθείη

832 2540 997 2611 πᾶσι
1060 2533 1473 2637 ἀνθρώποισι
1539 2535 1938 2618 ἐκλέξασθαι
2002 2535 2292 2610 κελεύων
2356 2542 2602 2635 νόμους
2657 2539 2813 2620 τοὺς
2867 2533 3047 2608 καλλί·

833 2685 1031 2739 στους
1097 2656 1172 2729 ἐκ
1239 2664 1373 2728 τῶν
1439 2655 1705 2729 πάντων
1772 2660 2040 2751 νόμων,
2113 2659 2628 2757 διασκεψάμενοι
2695 2656 2772 2731 ἂν
2836 2657 3046 2730 ἑλοίατο

835 2776 1104 2851 ἕκαστοι
1138 2777 1296 2858 τοὺς
1334 2775 1603 2848 ἑωυτῶν
1628 2800 1642 2814 ·
1700 2775 1878 2851 οὕτω
1931 2778 2276 2873 νομίζουσι
2316 2778 2571 2852 πολλόν
2624 2805 2686 2851 τι
2724 2778 3048 2851 καλλίστους

1144 3013 1222 3067 ὅτι
1246 3013 1428 3074 πάντες
1452 3013 1516 3066 τὰ
1540 3007 1656 3086 παρ’
1679 3013 1879 3074 ἑαυτοῖς
1902 3014 2190 3085 νομίζουσιν
2215 3014 2444 3088 ἐξαίρετα

1041 3207 1091 3257 2.
1131 3201 1177 3259 l<
1216 3203 1339 3276 οίσῳ
1365 3234 1395 3246 -
1420 3206 1450 3256 4
1476 3221 1646 3257 κατ-απ
1680 3202 1900 3266 οίξεσθαι
1925 3205 2164 3259 Lexicon
2190 3205 2426 3260 vindob.
2455 3223 2509 3277 p.
2547 3209 2662 3259 150.
2706 3236 2775 3246 —-
2818 3207 2861 3257 4.
2895 3200 3045 3263 Menz-

934 3305 997 3313 —
1038 3277 1089 3326 9.
1129 3271 1173 3328 Λ
1207 3274 1321 3335 ξεις.
1392 3303 1447 3312 -
1529 3275 1606 3326 13.
1650 3273 1845 3327 ·trabo
1883 3291 1935 3344 p.
1968 3276 2086 3325 «123.
2161 3305 2230 3314 —-
2302 3275 2544 3330 Bekkeri
2568 3276 2776 3330 Anecd.
2806 3293 2853 3345 p.
2879 3273 2951 3323 99.
3001 3294 3044 3305 -·

939 3344 1018 3396 15.
1055 3342 1159 3396 ἔστι
1178 3374 1207 3385 -
1225 3337 1504 3413 Ἡφαίστου
1529 3341 1769 3396 Thomas
1793 3341 1869 3396 M.
1900 3360 1954 3414 p.
1973 3346 2090 3396 269.
2123 3373 2185 3384 -
2228 3346 2310 3397 18.
2340 3345 2384 3398 εί
2403 3375 2432 3385 -
2451 3362 2505 3415 p.
2524 3346 2645 3409 281,
2678 3348 2739 3397 15
2763 3344 2878 3397 εἶναι
2899 3338 3046 3392 Celsus

934 3412 1081 3483 apud
1095 3411 1388 3482 origenem
1412 3429 1458 3466 c.
1479 3410 1624 3466 Cels.
1644 3412 1690 3464 V
1704 3413 1788 3464 34.
1808 3441 1868 3451 —
1896 3413 1982 3465 εί-
1998 3430 2052 3483 p.
2069 3412 2378 3481 281,1εῐναι
2401 3414 2670 3470 Stobaeus
2695 3414 2809 3468 flor.
2826 3405 2990 3466 XXIII
3004 3405 3040 3454 Η

940 3568 987 3619 1.
1038 3566 1321 3640 ἐπήγγελον
1356 3586 1432 3622 συ.
1483 3557 1798 3639 ἐπήγγελλον
1841 3566 2319 3638 Schweighaeuser
2399 3573 2421 3635 ΙΙ
2503 3571 2554 3623 2.
2609 3571 2720 3639 μὲν]
2765 3567 2919 3639 μέντοι
2947 3564 3044 3617 Lex.

834 3636 997 3690 vind.
1063 3639 1084 3701 ΙΙ
1149 3640 1198 3689 4.
1239 3654 1408 3690 καταπ
1442 3636 1665 3698 οίζεσθαι
1689 3635 1824 3690 ἀλλὰ
1847 3637 1904 3691 R
1973 3638 1995 3701 ΙΙ
2068 3639 2114 3691 5.
2157 3637 2332 3708 ξυμμά
2369 3658 2457 3698 ους
2482 3639 2619 3693 PRz
2679 3642 2702 3704 Ιι
2759 3643 2808 3691 6.
2842 3631 3048 3703 &btv-5¹⁶⁰

833 3706 890 3758 R
948 3708 970 3769 ΙΙ
1042 3708 1089 3758 7.
1131 3707 1201 3765 ὣς
1226 3704 1397 3760 Schae
1422 3723 1510 3759 er:
1541 3708 1609 3765 ὡς
1634 3707 1844 3765 ABGd.
1873 3705 1925 3765 ἐς
1951 3708 2248 3760 Peon-‚Re-
2279 3709 2332 3762 ἐν
2408 3707 2585 3762 ekker
2641 3711 2665 3773 ΙΙ
2723 3708 2776 3767 ἐς
2798 3707 2895 3770 τοῦ]
2915 3701 3048 3778 {eto}

834 3775 899 3839 P,
928 3780 1019 3827 τοῦ
1047 3776 1121 3836 R.
1151 3792 1258 3827 om.
1289 3793 1349 3844 qz
1407 3778 1429 3840 ΙΙ
1489 3775 1539 3828 8.
1583 3775 1686 3845 ἱρὸν
1710 3803 1740 3815 -·
1764 3776 1796 3826 9
1819 3769 2098 3846 Ἡφαίστου
2123 3793 2230 3829 om.
2263 3777 2320 3830 R
2380 3778 2404 3842 ΙΙ
2458 3771 2758 3848 τῴγάλματι
2780 3796 2804 3830 z
2860 3777 2880 3840 11
2938 3773 2979 3821 9·
3008 3783 3048 3816 ³⁰

832 3843 1040 3916 ἄγαλμα
1068 3845 1124 3897 R
1171 3846 1192 3908 ΙΙ
1241 3849 1569 3915 φοινικικοῖσι
1597 3846 1653 3898 R
1699 3844 1722 3908 ΙΙ
1780 3843 2096 3898 παταίκοισιν
2123 3846 2196 3898 R.
2233 3848 2246 3906 (
2286 3844 2436 3909 losa.)
2461 3865 2474 3899 ι
2504 3851 2793 3900 παταϊκοῖσι
2845 3846 2864 3908 ΙΙ
2921 3843 2986 3890 111.
3017 3832 3049 3884 οἱ

834 3930 941 3966 om.
973 3913 1027 3966 1²
1089 3916 1111 3978 ΙΙ
1182 3915 1413 3987 πρώρῃσι
1436 3914 1630 3967 ΑἳΙίκι
1674 3914 1900 4032 πρώῃὲσι
1925 3911 2137 3983 reliqui,
2172 3863 2423 3985 πρῗμναις
2446 3914 2614 3982 gloss.
2702 3918 2726 3980 ΙΙ
2807 3915 2881 3964 11.
2913 3909 3051 3960 όπωῑῑ

834 4032 1117 4114 Βεὴαεὶιϊε
1150 4033 1351 4085 ὀπώπεε
1387 4036 1410 4098 ΙΙ
1447 4033 1549 4108 ἐγὼ
1575 4032 1631 4085 δὲ
1659 4034 1733 4098 R,
1763 3995 1862 4104 ἐγοὼ
1883 4033 1957 4086 P:
1985 4032 2085 4103 ἐγὼ
2112 4033 2168 4086 δέ
2194 4033 2242 4086 οἱ
2268 4053 2312 4097 z,
2341 4033 2440 4087 ὦδε
2459 4036 2661 4089 ABc'd
2691 4037 2714 4099 11
2764 4036 2834 4085 12.
2861 4022 3051 4110 tumst*

833 4102 916 4154 πε
963 4104 985 4165 ιι
1033 4102 1086 4154 δε
1115 4119 1221 4154 om.
1255 4103 1310 4155 R
1368 4105 1391 4167 ιι
1464 4105 1539 4153 1³.
1583 4101 1703 4171 καβι
1736 4104 1945 4156 ωνΑΒ
2002 4106 2024 4166 ιι
2086 4103 2214 4174 ιερὸν
2244 4104 2300 4157 R
2358 4106 2380 4169 ιι
2447 4105 2523 4156 ιι.
2566 4105 2781 4175 ιεριαιτ
2833 4106 2854 4166 ιι
2902 4092 3052 4168 rival,-

834 4189 967 4236 ματα
991 4190 1017 4222 z
1097 4173 1119 4234 ΙΙ
1209 4172 1289 4224 15.
1331 4171 1403 4237 δὲ]
1435 4171 1529 4243 γὰρ
1560 4172 1615 4224 R
1696 4120 1733 4236 ΙΓ
1801 4172 1958 4240 ὁμοῖα
1987 4171 2120 4226 CPd
2186 4174 2208 4235 ΙΙ
2277 4177 2409 4226 τοῖσι
2434 4191 2541 4226 om.
2571 4174 2782 4228 ABCd.
2809 4170 2973 4225 Thom-

837 4241 916 4291 16.
961 4239 1143 4298 παῖδας
1168 4258 1275 4293 om.
1309 4241 1365 4294 R
1412 4243 1433 4306 ΙΙ
1482 4240 1723 4312 πολλαχῆ
1752 4241 1809 4294 R
1856 4244 1878 4306 ΙΙ
1928 4241 2060 4311 δῆλα
2086 4241 2190 4294 ἐστὶ
2216 4243 2272 4295 P
2311 4244 2333 4306 ΙΙ
2388 4243 2464 4294 18.
2504 4242 2763 4312 νομίμοισι
2789 4241 2840 4294 R
2874 4240 2893 4303 11
2924 4248 3048 4304 ssffiss

864 4307 1001 4360 ελᾶιν
1028 4309 1083 4362 Ρ
1175 4312 1198 4376 ss
1298 4309 1544 4381 προσθείη
1569 4313 1617 4362 Α
1686 4311 1777 4363 C'd.
1811 4309 1952 4363 Cels.
2062 4313 2084 4374 ΙΙ
2189 4312 2272 4364 20.
2315 4311 2578 4367 ἀνελοίατο
2604 4311 2810 4371 ἕκαστος
2832 4305 2959 4363 Stob-
3036 4320 3042 4359 t

874 4378 917 4430 1.
961 4377 1122 4432 πουλύ
1147 4397 1190 4431 z.
1222 4378 1365 4434 Cela.
1402 4379 1486 4446 (Ρ),
1517 4378 1648 4434 πολύ
1676 4378 1838 4434 ceteri
1863 4397 1984 4434 cum
2012 4378 2165 4436 Stob.
