3059 5125
1107 356 1484 419 —I—
2305 345 2432 420 405

150 531 284 604 ὅσα
333 530 454 625 μέν
508 556 622 602 νυν
665 529 969 632 ἐξαίρετα
1005 532 1176 605 τοῖσι
1212 528 1642 629 ἀριστεύσασι
1678 529 1898 602 αὐτῶν
1936 529 2006 604 ἐν
2043 528 2433 631 Πλαταιῇσι

149 650 366 749 ἐδόθη
391 710 410 739 ,
470 651 550 723 οὐ
599 649 864 749 λέγεται
899 654 1068 751 πρὸς
1106 650 1464 745 οὐδαμῶν,
1524 651 1737 724 δοκέω
1775 644 1831 722 δ’
1877 648 2098 748 ἔγωγε
2133 651 2240 722 καὶ
2273 650 2431 722 τού-

144 796 326 843 τοισι
382 769 703 870 δοθῆναι·
779 768 1136 870 Παυσανίῃ
1197 769 1273 844 δὲ
1323 769 1539 844 πάντα
1597 769 1758 843 δέκα
1826 769 2138 871 ἐξαιρέθη
2193 794 2265 840 τε
2322 772 2433 841 καὶ
2517 846 2521 850 ,

143 889 368 989 ἐδόθη
388 947 407 978 ,
462 891 767 988 γυναῖκες
819 889 1007 964 ἵπποι
1062 890 1357 964 τάλαντα
1407 889 1739 990 κάμηλοι,
1791 891 1886 971 ὣς
1933 889 2007 962 δὲ
2055 886 2276 970 αὕτως
2322 892 2433 961 καὶ

51 1036 90 1084 5
141 1008 374 1082 τᾶλλα
406 1013 754 1110 χρήματα.

308 1127 594 1227 Λέγεται
627 1127 703 1200 δὲ
735 1133 846 1206 καὶ
879 1131 1042 1202 τάδε
1075 1129 1415 1226 γενέσθαι,
1461 1133 1557 1213 ὡς
1592 1128 1853 1229 Ξέρξης
1888 1130 2156 1228 φεύγων
2194 1128 2270 1202 έκ
2305 1139 2432 1232 τῆς
2463 1143 2546 1206 82

126 1246 492 1331 ιΕλλιίδος
526 1244 895 1349 Μαρδονίῳ
948 1252 1072 1348 τὴν
1126 1254 1541 1350 κατασκευὴν
1591 1249 1939 1323 καταλίποι
1970 1252 2094 1349 τὴν
2135 1249 2428 1322 ἑωυτοῦ·

141 1370 548 1470 Παυσανίην
586 1368 682 1440 ὧν
723 1369 1000 1469 ὁρέοντα
1044 1374 1167 1471 τὴν
1209 1365 1596 1470 Μαρδονίου
1633 1371 2047 1468 κατασκευὴν
2086 1372 2323 1468 χρυσῷ
2362 1395 2435 1442 τε

141 1492 260 1563 καὶ
301 1487 576 1589 ἀργύρῳ
622 1492 732 1563 καὶ
777 1491 1347 1590 παραπετάσμασι
1381 1490 1741 1564 ποικίλοισι
1780 1488 2432 1590 κατεσκευασμένην,

51 1638 91 1686 ο
137 1609 467 1684 κελεῦσαι
501 1613 658 1691 τούς
707 1635 779 1683 τε
828 1606 1244 1709 ἀρτοκόπους
1291 1613 1399 1683 καὶ
1432 1611 1590 1691 τοὺς
1626 1609 1988 1708 ὀψοποιοὺς
2024 1607 2193 1681 κατὰ
2226 1610 2436 1683 ταύτὰ

138 1729 386 1810 καθὼς
449 1725 821 1829 Μαρδονίῳ
890 1729 1155 1802 δεῖπνον
1216 1729 1767 1829 παρασκευάζειν.
1871 1730 1967 1808 ὡς
2027 1727 2104 1801 δὲ
2158 1729 2432 1802 κελευό-

139 1876 345 1946 μενοι
394 1849 577 1922 οὗτοι
628 1848 894 1923 ἐποίευν
947 1856 1191 1941 ταῦτα,
1259 1849 1550 1923 ἐνθαῦτα
1602 1852 1716 1921 τὸν
1770 1846 2165 1947 Παυσανίην
2214 1848 2436 1921 ἰδόντα

137 1971 385 2051 κλίνας
415 1996 486 2042 τε
523 1970 817 2068 χρυσέας
853 1973 962 2043 καὶ
999 1967 1329 2069 ἀργυρέας
1377 1972 1452 2042 εὖ
1496 1967 1924 2068 ἐστρωμένας
1954 1970 2064 2040 καὶ
2098 1967 2438 2066 τραπέζας

133 2117 222 2164 τε
260 2091 560 2189 χρυσέας
609 2093 718 2162 καὶ
767 2087 1099 2190 ἀργυρέας
1146 2093 1254 2162 καὶ
1298 2091 1725 2189 παρασκευὴν
1762 2087 2280 2187 μεγαλοπρεπέα
2315 2092 2433 2160 τοῦ

57 2237 91 2286 5
136 2213 463 2299 δείπνου,
521 2208 941 2307 ἐκπλαγέντα
991 2208 1075 2282 τὰ
1107 2214 1517 2310 προκείμενα
1567 2205 1793 2306 ἀγαθὰ
1826 2207 2134 2280 κελεῦσαι
2172 2207 2283 2280 ἐπὶ
2315 2207 2432 2304 γέ-

134 2332 318 2403 λωτι
375 2332 533 2411 τοὺς
579 2329 839 2403 ἑωυτοῦ
898 2330 1249 2427 διηκόνους
1294 2328 1799 2427 παρασκευάσαι
1849 2325 2239 2400 Λακωνικὸν
2296 2328 2433 2400 δεῖ-

130 2477 337 2524 πνον.
415 2452 512 2531 ὡς
547 2449 622 2522 δὲ
657 2458 784 2550 τῆς
816 2450 1053 2548 θοίνης
1086 2447 1493 2547 ποιηθείσης
1519 2451 1606 2547 ἧν
1643 2446 1895 2520 πολλόν
1927 2449 2001 2518 τὸ
2043 2447 2247 2542 μέσον
2268 2505 2285 2534 ,
2318 2450 2432 2518 τὸν

135 2570 548 2669 Παυσανίην
602 2569 980 2666 γελάσαντα
1059 2569 1626 2669 μεταπέμψασθαι
1676 2576 1811 2638 τῶν
1860 2554 2221 2664 Ἑλλήνων
2280 2569 2438 2647 τοὺς

133 2691 609 2790 στρατηγούς,
666 2689 1124 2764 συνελθόντων
1177 2690 1252 2762 δὲ
1297 2690 1551 2760 τούτων
1604 2689 1810 2760 εἰπεῖν
1861 2690 1973 2759 τὸν
2014 2685 2433 2786 Παυσανίην,

51 2842 94 2890 to
133 2814 503 2885 δεικνύντα
540 2809 615 2891 ές
652 2810 977 2909 ἑκατέρην
1012 2815 1133 2882 τοῦ
1167 2809 1433 2882 δείπνου
1460 2810 1917 2909 παρασκευήν,
1946 2800 2232 2904 “ἅνδρες
2253 2794 2431 2877 (Ἐλ-

137 2933 392 3031 ληνες,
431 2931 647 3003 τῶνδε
684 2927 903 3002 εἵνεκα
939 2929 1075 3027 ἐγὼ
1115 2929 1327 3022 ὑμέας
1365 2931 1777 3026 συνήγαγον,
1830 2924 2238 3027 βουλόμενος
2277 2925 2429 3019 ὑμῖν

464 3169 580 3237 περὶ
603 3175 699 3238 τῆς
722 3167 1033 3251 πολυτελοῡος
1056 3172 1380 3236 παρασκευῆς
1403 3170 1493 3219 τοῦ
1522 3161 1593 3218 Ek
1627 3165 1714 3227 Εου
1738 3163 1855 3233 ἤτοι
1872 3160 2164 3232 Μαρδονίου
2183 3162 2428 3246 δεῖπνον-

358 3236 654 3362 Ἇξζέῗξιῖ
687 3239 813 3307 πρὸς
849 3237 968 3295 τοὺς
1018 3235 1253 3307 Ελληνας
1296 3234 1590 3306 ἀντιπαρατι
1626 3234 1698 3292 εὶς
1744 3233 1803 3285 τὸ
1843 3230 2086 3303 Περσικὸν
2125 3231 2328 3284 δειπνον
2366 3249 2441 3302 τῳ

359 3606 412 3655 6.
460 3598 651 3672 Ξέρξης
676 3632 703 3641 -
729 3618 784 3671 p.
840 3601 958 3662 406,
990 3601 1021 3651 2
1048 3597 1258 3670 ἔχοντας
1281 3595 1597 3649 Athenaeus
1622 3610 1676 3664 p.
1711 3593 1807 3643 138

251 3772 302 3821 1.
345 3766 521 3820 αὐτῶν
544 3765 737 3820 ABP:
778 3762 973 3816 αὐτέων
1043 3765 1066 3827 ΙΙ
1134 3757 1586 3829 πλαταίηισιΑΒ,
1627 3756 1924 3826 πλαταίησιν
1949 3752 2005 3805 R
2061 3755 2084 3819 ΙΙ
2141 3755 2191 3806 2.
2234 3753 2289 3805 δὲ
2314 3755 2372 3807 R
2417 3754 2439 3819 ΙΙ

135 3842 193 3893 3.
232 3857 290 3891 τε
329 3836 423 3889 καὶ
459 3833 619 3906 ἐδόθη
647 3851 753 3888 om.
788 3832 844 3901 13
913 3834 937 3898 ΙΙ
1007 3831 1057 3882 4.
1095 3828 1334 3894 τάλαντα]
1366 3826 1568 3898 ἅρματα
1603 3825 1628 3878 ‘1'
1697 3828 1720 3890 ΙΙ
1795 3827 1866 3882 ὡς
1905 3823 1960 3875 δὲ
1986 3823 2090 3885 1²2,
2144 3823 2215 3880 ὡς
2240 3816 2294 3872 δ’
2318 3821 2374 3873 R
2416 3822 2438 3891 ΙΙ

132 3912 189 3960 5.
227 3907 298 3960 τὰ
335 3905 475 3959 ἄλλα
498 3903 555 3956 R
599 3908 622 3969 ΙΙ
672 3906 722 3953 7.
760 3901 1088 3973 παρασκευὴν
1126 3898 1328 3953 Athen.
1408 3899 1431 3962 ΙΙ
1494 3893 1761 3947 καταλίπει
1788 3891 1837 3944 0
1886 3894 1910 3956 ΙΙ
1969 3891 2019 3942 8.
2059 3890 2269 3960 ὁρέοντα
2293 3890 2433 3944 sz:

132 3979 162 4031 ὁ
201 3984 348 4029 ῶντα
383 3972 610 4038 ABR,
663 3973 890 4042 ὁρέωντα
934 3968 1006 4028 C,
1060 3967 1230 4020 ἰδόντα
1263 3964 1466 4020 Athen.
1518 3965 1542 4029 ΙΙ
1611 3964 1935 4031 παρασκευὴν
1972 3958 2176 4013 Athen.
2238 3961 2433 4030 σκηνὴν

131 3996 633 4114 ἇίινῐοίςὴειευοει·
678 4043 702 4106 11
746 4059 802 4093 τε
827 4055 934 4092 om.
965 4035 1170 4125 Athsen.
1222 4039 1244 4101 ΙΙ
1304 4036 1353 4086 9.
1395 4031 1672 4119 ποικίληισι
1701 4031 1749 4084 C
1786 4032 1808 4095 ΙΙ
1854 4044 2172 4082 κατασκευασ
2215 4028 2334 4097 ἕνην
2356 4031 2425 4090 A,

133 4110 744 4239 Yfflzffi'ffifflfi.
768 4103 1461 4244 A'0h23÷.{⁰⁰;0333.⁰32;23
1477 4099 1733 4233 fflff'n
1774 4097 2178 4225 ''22332230295322
2203 4095 2434 4226 Ξὲῗῖὲαῧ

134 4250 461 4325 ρασκευοίσαι
484 4247 690 4303 Athen.
742 4250 766 4313 11
817 4247 897 4297 13.
938 4263 993 4297 τε
1020 4260 1128 4296 om.
1160 4240 1361 4296 Athen.
1415 4241 1438 4304 ΙΙ
1496 4236 1554 4290 εὖ
1579 4269 1609 4279 -
1640 4239 1701 4289 14
1725 4234 1968 4306 ἀργυρέας
1992 4251 2098 4286 om.
2128 4234 2262 4287 B¹oz
2307 4234 2330 4297 ΙΙ
2375 4251 2430 4301 τε

131 4322 364 4393 γρυσέας
388 4319 481 4372 καὶ
508 4335 616 4370 om.
647 4315 850 4370 Athen.
881 4315 905 4379 ΙΙ
944 4316 1025 4365 14.
1052 4331 1109 4364 τε
1131 4317 1257 4381 post
1279 4308 1495 4382 χρυσέας
1522 4307 1581 4359 R
1603 4308 1625 4371 ΙΙ
1648 4310 1738 4358 τοῦ
1764 4320 1871 4357 om.
1900 4302 2086 4356 Athen
2110 4305 2133 4367 ΙΙ
2162 4304 2240 4353 15.
2262 4299 2431 4373 ἀγαθὰ

132 4382 247 4444 dm.
278 4388 497 4443 Athen.
527 4388 549 4451 ΙΙ
580 4387 659 4437 16.
697 4390 808 4443 τοῖς
832 4382 1015 4437 ἑαυτοῦ
1041 4379 1289 4437 διακόνοις
1312 4375 1515 4430 Athen.
1559 4377 1582 4438 ΙΙ
1634 4375 1712 4425 19.
1750 4371 1971 4426 τουτέων
2002 4369 2124 4425 0122
2147 4372 2170 4436 11
2204 4368 2341 4422 εἶπαι
2363 4387 2390 4420 z

133 4463 221 4513 20.
252 4459 309 4519 ἐς
336 4474 451 4511 om.
486 4454 542 4506 R
586 4458 610 4519 ΙΙ
666 4453 910 4522 ἑκατέρου
935 4459 1035 4505 τῶν
1064 4449 1275 4502 δείπνων
1297 4444 1499 4501 Athen.
1547 4444 1570 4508 ΙΙ
1611 4444 1706 4514 τὴν
1734 4440 2054 4512 παρασκευήν
2069 4439 2142 4492 R.
2172 4437 2376 4491 Athen.

132 4532 221 4583 21.
263 4527 436 4600 ὑμέας
469 4524 572 4596 ἐγὼ
597 4526 627 4578 ι)
687 4526 710 4589 ιι
768 4522 897 4591 ἡμῖν
927 4521 984 4573 R
