3059 5125
341 1235 761 1298 Editionibus
806 1234 1054 1316 aliquot
1095 1233 1414 1297 Herodoti
1458 1234 1613 1296 inde
1643 1257 1680 1296 a
1710 1232 2278 1315 Iungermaniana,
2327 1234 2451 1296 hoc

145 1360 258 1411 est
323 1347 411 1410 ab
470 1369 642 1409 anno
698 1345 1096 1423 MDCVIII,
1172 1356 1499 1429 tamquam
1560 1345 1922 1408 subsidium
1980 1344 2451 1408 emendationis

144 1457 758 1544 explicationisque
803 1457 1223 1521 subiunctum
1269 1466 1366 1521 est
1418 1457 1677 1520 lexicon
1722 1457 2183 1520 vocabulorum
2227 1458 2451 1520 Hero-

145 1571 549 1648 doteorum,
613 1570 787 1653 quod
844 1592 928 1633 ne
984 1591 1103 1633 nos
1159 1570 1423 1653 quidem
1490 1569 1834 1653 neglegere
1892 1570 2285 1632 debebamus
2342 1578 2456 1632 aut

144 1683 235 1746 ab
288 1682 539 1746 edendi
584 1681 849 1746 consilio
897 1682 1262 1760 secludere,
1311 1703 1445 1745 non
1490 1690 1750 1765 propter
1793 1680 2119 1764 insignem
2166 1680 2451 1764 aliquam

143 1793 524 1858 utilitatem
580 1792 1082 1878 dignitatemve,
1161 1816 1355 1877 quam
1412 1792 1675 1877 quidem
1733 1792 1950 1877 ipsum
2007 1814 2123 1876 per
2182 1815 2251 1856 se
2294 1815 2453 1877 per-

144 1906 482 1990 exiguam
545 1905 777 1984 habet,
848 1927 1074 1969 verum
1140 1906 1293 1989 quia
1355 1905 1464 1969 hic
1519 1903 1659 1969 eius
1717 1904 1900 1988 quasi
1957 1904 2256 1988 proprius
2313 1927 2452 1969 esse

140 2018 349 2084 locus
396 2017 772 2097 videbatur,
821 2040 985 2082 neve
1030 2017 1469 2081 desiderarent
1508 2016 1806 2081 homines
1851 2038 2224 2100 graecarum
2267 2017 2454 2080 litte-

143 2153 388 2196 rarum
448 2130 666 2214 cupidi
711 2130 885 2214 quod
941 2129 1013 2192 in
1073 2129 1383 2214 adparatu
1429 2129 1664 2193 horum
1722 2128 2085 2193 studiorum
2129 2129 2450 2213 requirere

144 2241 685 2308 consuevissent.
765 2265 1042 2326 cumque
1085 2241 1167 2306 de
1212 2241 1461 2325 origine
1507 2241 1648 2305 eius
1694 2251 1760 2305 et
1802 2241 2180 2306 auctoritate
2221 2263 2453 2325 parum

145 2355 384 2420 adhuc
434 2353 588 2418 certi
634 2353 1039 2439 exploratum
1085 2376 1223 2418 esse
1268 2375 1341 2418 ac
1377 2352 1695 2437 quaedam
1726 2354 1921 2417 etiam
1953 2375 2253 2437 perversa
2281 2353 2452 2417 credi

142 2465 619 2549 intellegerem
637 2515 657 2545 ‚
708 2465 883 2530 haud
925 2475 1230 2550 gravatus
1275 2487 1420 2529 sum
1466 2475 1720 2530 tantum
1765 2465 1836 2528 in
1882 2486 1958 2529 eo
2003 2466 2452 2550 pertractando

48 2659 49 2662 Ἴ
145 2602 404 2666 operae
463 2578 810 2656 collocare,
880 2589 1195 2664 quantum
1250 2578 1341 2642 rei
1399 2600 1536 2642 11011
1592 2577 1873 2662 gravitas
1931 2579 2044 2642 sed
2104 2577 2453 2643 difficultas

149 2693 498 2777 quaedam
544 2701 609 2756 et
653 2690 1009 2755 obscuritas
1062 2700 1389 2775 posceret,
1452 2712 1717 2774 sperans
1775 2690 1970 2754 simul
2030 2690 2164 2754 fore
2209 2700 2285 2754 ut
2328 2690 2457 2755 ali-

144 2805 323 2889 quid
383 2804 542 2868 inde
585 2803 869 2882 fructus,
920 2802 974 2866 si
1017 2802 1237 2867 minus
1283 2803 1364 2866 ad
1407 2801 1625 2887 ipsum
1668 2802 2076 2867 Herodotum
2096 2851 2117 2880 ,
2166 2803 2248 2866 ad
2293 2803 2457 2866 illu-

147 2916 506 2983 strandam
550 2924 767 2980 tamen
812 2915 1266 2999 grammaticae
1308 2936 1574 2998 graecae
1618 2913 1951 2978 historiam
1996 2924 2386 2978 nasceretur.

338 3027 581 3092 Exstat
624 3037 840 3092 autem
898 3027 1096 3091 huius
1139 3026 1345 3091 libelli
1401 3026 1647 3111 duplex
1691 3025 1932 3104 forma,
2005 3025 2205 3090 altera
2260 3048 2457 3110 quam

145 3140 385 3206 littera
431 3140 504 3206 Δ
549 3141 857 3224 signabo,
919 3161 1036 3224 per
1094 3138 1388 3222 singulos
1433 3138 1873 3202 Historiarum
1930 3138 2127 3202 libros
2173 3137 2255 3201 ad
2297 3160 2457 3222 per—

146 3252 559 3339 petuitatem
615 3250 921 3315 orationis
978 3250 1499 3328 adcommodata,
1572 3249 1770 3314 altera
1827 3250 1910 3313 ad
1965 3250 2325 3314 litterarum
2384 3260 2460 3314 ut

147 3368 357 3431 aiunt
429 3364 720 3427 ordinem
776 3362 1121 3447 disposita,
1197 3384 1392 3446 quam
1436 3364 1516 3429 B
1570 3361 1787 3426 littera
1843 3364 2101 3426 notabo.
2184 3384 2458 3447 quarum

147 3488 516 3559 utramque
570 3475 751 3559 prius
807 3474 1149 3559 separatim
1205 3496 1564 3559 proponam
1623 3474 1703 3537 ad
1749 3473 2043 3538 codicum
2089 3475 2286 3538 fidem
2331 3494 2455 3538 ex-

148 3608 463 3675 pressam
507 3609 701 3671 quam
747 3587 827 3650 de
872 3589 1204 3651 communi
1247 3585 1428 3650 fonte
1473 3585 1781 3669 omnique
1812 3608 2032 3650 earum
2079 3595 2145 3649 et
2187 3587 2356 3650 inter
2388 3608 2455 3650 se

148 3713 222 3767 et
292 3721 455 3765 cum
521 3698 665 3763 aliis
731 3699 1004 3763 vetustis
1067 3698 1295 3763 lexicis
1359 3697 1606 3781 graecis
1673 3697 1922 3762 ratione
1988 3719 2293 3781 quaerere
2351 3698 2456 3762 in-

151 3814 460 3878 stituam.

340 3923 437 3987 Et
477 3923 550 3989 A
595 3921 858 4006 quidem
902 3942 1082 3984 nunc
1127 3931 1374 3985 servata
1419 3930 1517 3985 est
1559 3920 1630 3984 in
1659 3943 1792 3985 uno
1839 3919 2057 3985 codice
2088 3942 2291 4005 eoque
2335 3943 2458 3985 no-

149 4034 518 4112 bilissimo,
566 4034 678 4118 qui
725 4044 823 4098 est
865 4033 1034 4097 inter
1079 4032 1516 4097 Coislinianos
1563 4033 1697 4097 sive
1729 4032 2159 4116 Seguerianos
2189 4054 2458 4098 numero

153 4158 329 4228 345,
383 4146 651 4225 saeculi,
701 4156 777 4210 ut
821 4154 1122 4209 constans
1167 4146 1246 4209 de
1292 4167 1367 4209 eo
1401 4154 1499 4209 est
1527 4145 1869 4223 iudicium,
1904 4144 2159 4209 decimi.
2213 4167 2293 4209 ex
2324 4168 2452 4229 quo

153 4273 504 4345 tamquam
544 4259 848 4323 thesauro
880 4259 1091 4321 variae
1130 4256 1552 4341 supellectilis
1589 4256 2043 4341 grammaticae
2074 4266 2141 4320 et
2182 4257 2457 4321 rhetori-

153 4396 274 4439 cae
337 4379 686 4456 postquam
743 4369 1275 4434 Montfaucon
1331 4369 1775 4433 Bibliothecae
1820 4368 2257 4434 coislinianae
2299 4370 2456 4433 inde

154 4509 195 4551 a
223 4485 278 4549 f.
323 4490 452 4547 457
469 4530 491 4565 ‚
525 4490 602 4546 ut
628 4492 1017 4554 monstraret
1044 4481 1193 4549 libri
1222 4481 1543 4547 lautitiam
1562 4529 1583 4559 ,
1615 4481 1954 4573 potissima
1983 4483 2300 4575 quaedam
2329 4482 2457 4553 de·-
