3059 5125
1034 336 1451 400 ...Η-
2268 336 2385 398 173

135 508 287 582 εἶναι
322 510 450 582 αἰεὶ
503 517 838 592 τοιοῦτος·
898 511 1009 588 ,οὐ
1067 513 1194 611 γάρ
1242 538 1346 583 τοι
1401 515 1612 584 ταῦτα
1663 515 1962 583 ποιεῦντι
2013 509 2164 582 οὔτε
2209 510 2279 591 ἐς
2312 512 2388 580 τὸ

132 632 363 726 παρεὸν
402 628 555 701 οὔτε
592 629 663 710 ές
698 632 940 728 χρόνον
983 621 1497 730 μεταμελήσει.”

270 745 494 820 Ταῦτα
532 748 606 820 δὲ
653 751 847 828 εἴπας
899 751 1007 821 καὶ
1043 749 1355 822 ἐπιτελέα
1402 753 1699 849 ποιήσας
1752 750 2110 849 ἐπορεύετο
2149 751 2278 822 αἰεὶ
2313 752 2390 821 τὸ
2422 762 2504 822 30

130 869 365 965 πρόσω.
450 854 716 939 Ἀναυα
775 867 850 940 δὲ
916 868 1331 966 καλεομένην
1394 866 1674 968 Φρυγῶν
1725 870 1921 942 πόλιν
1966 868 2387 967 παραμειβύ*

99 1028 103 1047 ·
136 1011 316 1079 μενος
350 989 459 1058 καὶ
496 987 741 1086 λίμνην
779 988 854 1060 ἐκ
888 996 1014 1088 τῆς
1050 986 1208 1067 ἅλες
1240 992 1556 1084 γίνονται,
1613 986 1885 1060 ἀπίκετο
1925 988 1995 1069 ές
2033 984 2391 1067 Κολοσσὰς

132 1107 305 1176 πόλιν
343 1106 648 1205 μεγάλην
684 1104 1019 1207 Φρυγίης,
1058 1107 1127 1178 ἐν
1166 1109 1252 1206 τῇ
1292 1106 1511 1187 Λύκος
1546 1110 1851 1202 ποταμὸς
1886 1107 1959 1190 ἐς
1994 1105 2226 1205 χάσμα
2263 1115 2390 1207 γῆς

134 1223 464 1324 ἐσβάλλων
500 1223 927 1323 ἀφανίζεται·
997 1225 1229 1298 ἔπειτα
1263 1224 1369 1298 διὰ
1404 1228 1691 1299 σταδίων
1731 1229 1825 1308 ὡς
1860 1227 2058 1300 πέντε
2103 1225 2389 1321 μάλιστά

134 1368 207 1439 κῃ
252 1341 794 1441 ἀναφαινόμενος
843 1345 1097 1418 ἐκδιδοῖ
1139 1348 1247 1418 καὶ
1294 1344 1505 1425 οὗτος
1534 1346 1607 1428 ἐς
1654 1347 1768 1417 τὸν
1807 1341 2218 1445 Μαίανδρον.
2314 1345 2390 1417 έκ

136 1461 199 1533 δὲ
235 1459 646 1537 Κολοσσέων
706 1466 742 1535 ὁ
799 1467 1082 1564 στρατὸς
1136 1464 1549 1563 δρμεόμενος
1600 1465 1710 1537 ἐπὶ
1757 1467 1916 1545 τοὺς
1965 1465 2206 1564 οὔρους
2251 1471 2387 1535 τῶν

99 1579 395 1679 ’Φρυγῶν
434 1586 545 1655 καὶ
579 1582 820 1655 Λυδῶν
859 1581 1131 1657 ἀπίκετο
1177 1584 1248 1665 ές
1286 1581 1610 1684 Κύδραρα
1661 1584 1894 1673 πόλιν,
1947 1583 2111 1657 ἔνθα
2163 1583 2386 1682 στήλη

134 1706 660 1800 καταπεπηγυῖα,
723 1704 1045 1777 σταθεῖσα
1094 1704 1169 1776 δὲ
1227 1703 1356 1776 ὑπὸ
1414 1700 1747 1803 Κροίσου,
1811 1706 2228 1802 καταμηνύει
2281 1703 2390 1775 διὰ

133 1821 527 1917 γραμμάτων
564 1824 720 1904 τοὺς
758 1821 1017 1922 οὔρους.
1116 1828 1213 1903 ὡς
1262 1823 1339 1894 δὲ
1390 1823 1465 1895 ἐκ
1499 1831 1626 1923 τῆς
1661 1820 1961 1923 Φρυγίης
1996 1822 2281 1923 ἐσέβαλε
2319 1821 2390 1902 ές
2420 1834 2496 1896 31

134 1944 239 2037 τὴν
273 1939 531 2039 Λυδίην
554 2000 572 2029 ,
626 1941 1038 2040 σχιζομένης
1087 1949 1210 2041 τῆς
1257 1942 1419 2013 ὁδοῦ
1453 1945 1565 2014 καὶ
1601 1949 1727 2041 τῆς
1765 1940 1890 2037 μὲν
1920 1943 1994 2024 ές
2030 1939 2388 2040 ἀριστερὴν

135 2059 229 2130 ἐπὶ
266 2057 536 2158 Καρίης
587 2062 932 2159 φερούσης
982 2069 1105 2161 τῆς
1154 2060 1228 2133 δὲ
1283 2061 1354 2143 ές
1401 2062 1623 2159 δεξιὴν
1683 2060 1755 2142 ές
1809 2060 2092 2160 Σάρδις,
2143 2063 2228 2159 τῇ
2286 2062 2393 2131 καὶ

99 2179 555 2277 ἰπορευομένῳ
609 2179 929 2279 διαβῆναι
976 2182 1087 2251 τὸν
1130 2176 1519 2279 Μαίανδρον
1569 2183 1872 2273 ποταμὸν
1909 2185 2095 2253 πᾶσα
2130 2177 2389 2276 ἀνάγκη

136 2303 358 2392 γίνεται
396 2301 510 2370 καὶ
550 2296 719 2369 ι’έναι
752 2297 935 2397 παρὰ
972 2296 1429 2400 Καλλάτηβον
1464 2300 1660 2372 πόλιν
1682 2357 1701 2387 ,
1758 2299 1829 2371 έν
1863 2302 1948 2397 τῇ
1988 2298 2226 2398 ἄνδρες
2264 2299 2392 2396 δη-

140 2421 414 2514 μιοεργοὶ
456 2416 617 2511 μέλι
654 2416 729 2488 ἐκ
767 2423 1050 2516 μυρίκης
1082 2444 1157 2490 τε
1194 2421 1305 2491 καὶ
1352 2425 1567 2517 πυροῦ
1611 2426 1912 2507 ποιεῦσι,
1966 2421 2216 2515 ταύτην
2274 2418 2391 2487 ἰὼν

138 2531 450 2635 δΞέρξης
507 2538 632 2635 τὴν
683 2537 835 2609 ὁδὸν
885 2536 1038 2637 εὗρε
1099 2537 1588 2626 πλατάνιστον,
1660 2541 1783 2637 τὴν
1839 2537 2119 2618 κάλλεος
2173 2535 2395 2610 εἵνεκα

139 2652 605 2753 δωρησάμενος
656 2658 890 2753 κόσμῳ
939 2658 1211 2755 χρυσέῳ
1261 2662 1368 2730 καὶ
1419 2657 1788 2754 μελεδωνῷ
1829 2656 2147 2753 ἀθανάτῳ
2204 2655 2394 2756 ἀνδρὶ

100 2772 483 2872 »ἐπιτρέψας
535 2774 815 2874 δευτέρῃ
868 2777 1097 2875 ἡμέρῃ
1153 2774 1423 2848 ἀπίκετο
1478 2776 1550 2857 ές
1595 2784 1730 2848 τῶν
1785 2776 2023 2848 Λυδῶν
2072 2778 2149 2847 τὸ
2202 2775 2388 2847 ἄστυ.
2426 2786 2508 2848 32
2613 2808 2618 2812 ·

140 2889 521 2988 ἀπικόμενος
578 2893 654 2963 δὲ
700 2895 772 2975 ές
829 2894 1077 2993 Σάρδις
1137 2902 1377 2994 πρῶτα
1427 2895 1548 2989 μὲν
1587 2894 1941 2990 ἀπέπεμπε
1989 2899 2280 2993 κήρυκας
2324 2892 2395 2973 ές

139 3013 246 3108 τὴν
277 3007 591 3085 ζΕλλάδα
642 3012 1042 3112 αἰτήσοντας
1090 3021 1216 3113 γῆν
1279 3039 1348 3085 τε
1408 3018 1515 3085 καὶ
1565 3014 1744 3113 ὕδωρ
1795 3017 1904 3085 καὶ
1951 3012 2395 3112 προερέοντας

142 3128 352 3202 δεῖπνα
402 3127 668 3232 βασιλέι
715 3131 1279 3230 παρασκευάζειν·
1363 3133 1544 3230 πλὴν
1597 3133 1748 3205 οὔτε
1799 3124 2204 3230 έςἈθήνας
2240 3129 2394 3201 οὔτε

142 3247 202 3327 ἐς
246 3248 719 3345 Λακεδαίμονα
786 3249 1145 3345 ἀπέπεμπε
1206 3251 1314 3323 έπὶ
1374 3259 1501 3351 γῆς
1567 3253 1867 3349 αἴτησιν,
1936 3252 2022 3349 τῇ
2084 3249 2158 3322 δὲ
2214 3248 2390 3347 ἄλλῃ

326 3524 378 3575 4.
417 3522 730 3593 Stephanus
755 3523 801 3576 B
838 3539 883 3575 z.
913 3539 964 3576 v.
982 3513 1200 3577 Ἀναυα.
1241 3552 1309 3562 -
1353 3527 1428 3575 10.
1471 3522 1616 3577 idem
1643 3541 1694 3578 v.
1725 3519 1983 3596 Κύδραρα.
2026 3550 2092 3560 ——
2136 3523 2210 3574 16.
2254 3520 2396 3575 idem

232 3606 277 3642 v.
316 3586 661 3661 Καλλάτιβος.
689 3620 762 3631 -
833 3591 958 3652 ἕξεις

241 3728 281 3778 1.
318 3729 411 3799 γὰρ
434 3735 647 3782 τοιαῦτα
673 3731 731 3783 R
788 3731 809 3795 ΙΙ
866 3729 1088 3782 ποιέοντι
1117 3730 1272 3783 0sz
1338 3732 1361 3795 ΙΙ
1420 3730 1468 3780 2.
1509 3729 1710 3800 γρόνον]
1738 3731 1797 3782 τὸ
1832 3728 2020 3797 μέλλον
2054 3747 2114 3797 q:
2172 3731 2194 3793 u
2252 3729 2301 3778 3.
2341 3729 2398 3780 τὸ

148 3795 301 3863 πρόσω
323 3799 643 3853 αίείΑΒΟᾶ
706 3802 729 3864 ΙΙ
801 3801 850 3849 5.
891 3797 946 3858 ἐξ
969 3797 1034 3867 ἧς
1058 3800 1214 3852 ΛΒιΙ
1279 3801 1300 3864 ΙΙ
1370 3789 1588 3856 κολοσᾶς
1620 3799 1666 3852 0
1716 3801 1738 3864 ΙΙ
1794 3804 1845 3850 6.
1888 3796 2112 3868 μεγάλην
2139 3813 2245 3848 om.
2278 3797 2336 3849 R
2380 3795 2401 3864 ΙΙ

152 3864 191 3914 7.
217 3864 454 3933 ἐσβάλλον
477 3872 545 3928 Α,
576 3866 818 3937 ἐμβαλῶν
847 3868 902 3920 R
948 3870 970 3932 ΙΙ
1019 3866 1238 3937 μάλιστά
1261 3885 1329 3937 κῃ
1355 3867 1502 3919 πέντε
1525 3885 1552 3919 z
1599 3869 1620 3931 ΙΙ
1668 3869 1716 3917 9.
1745 3866 2038 3919 κολασαέων
2065 3867 2102 3917 d
2133 3867 2155 3929 ΙΙ
2196 3865 2399 3933 ὁρμεώ-

153 3950 281 3998 μενος
315 3935 342 3988 ὁ
376 3938 586 4006 στρατὸς
611 3955 639 3988 z
698 3938 720 4001 ΙΙ
779 3935 1089 4007 ὁρμεόμενος
1116 3936 1194 3989 P:
1244 3936 1542 4005 ὁρμώμενος
1565 3935 1747 4000 ABR,
1789 3936 1957 4005 ὁρμεώ
1999 3952 2108 3990 ενος
2133 3930 2328 4020 reliqui
2379 3930 2401 3999 ΙΙ

153 4000 279 4068 ὅρους
302 4006 428 4071 ΑΒ,
455 4005 606 4075 ὅρους
633 4007 685 4068 d,
716 4003 898 4075 οὔρους
923 4023 951 4056 z
997 4008 1018 4068 ΙΙ
1064 4013 1167 4057 τῶν
1192 4003 1359 4057 λυδῶν
1384 4005 1471 4056 καὶ
1496 4011 1701 4074 φρυγῶν
1725 4004 1797 4066 R,
1826 4011 1928 4055 τῶν
2006 4010 2166 4072 ρυγῶν
2191 4020 2276 4054 και
2298 4010 2399 4052 τῶν

154 4068 361 4126 Λνδῶνε
406 4078 430 4139 [1
485 4078 565 4126 10.
605 4073 769 4144 κύδρα
794 4074 930 4126 PRz
976 4077 1000 4138 ΙΙ
1046 4074 1083 4142 ἠ
1110 4072 1272 4143 στήλη
1301 4074 1356 4125 R
1394 4076 1416 4139 ΙΙ
1454 4075 1535 4126 11.
1575 4077 1893 4143 κατεπηγυῖα
1920 4074 1957 4124 d
2011 4075 2032 4135 ss
2100 4072 2178 4120 12.
2219 4069 2400 4138 ούρους

154 4140 260 4199 ΑΒ,
287 4141 429 4212 ὄρους
460 4145 518 4206 0,
557 4141 793 4214 οὔρουςε
862 4145 885 4207 Ι]
962 4145 1041 4194 13.
1083 4144 1176 4213 μὲν
1202 4159 1308 4194 om.
1340 4143 1397 4193 R
1452 4144 1473 4207 ΙΙ
1537 4140 1602 4192 ἐπ
1649 4140 1914 4229 ἀριστερήν
1942 4141 2024 4192 R:
2071 4142 2093 4202 ΙΙ
2148 4141 2220 4190 14.
2265 4139 2399 4189 ἐπὶ-

162 4207 265 4259 Ῑὸπ
378 4213 502 4281 ομέν
577 4229 687 4264 om.
723 4211 772 4264 0
809 4214 833 4276 ΙΙ
879 4211 998 4280 zap(
1092 4211 1166 4263 R:
1213 4215 1235 4275 ΙΙ
1285 4209 1544 4280 σάρδειςᾱ
1587 4212 1609 4273 ΙΙ
1664 4213 1740 4261 15.
1781 4209 2015 4278 ἐπιβῆναι
2045 4206 2091 4258 0
2131 4210 2154 4273 ΙΙ
2206 4207 2285 4258 16.
2312 4206 2398 4257 καὶ

159 4291 249 4326 om.
369 4284 392 4346 [Ι
447 4233 760 4345 afflui-nem
786 4279 856 4330 R.
889 4277 1018 4348 Step
1066 4320 1076 4330 .
1143 4284 1165 4345 ΙΙ
1226 4279 1279 4330 έν
1320 4272 1340 4292 ⁷
1367 4279 1455 4332 Pd
1508 4280 1531 4342 ΙΙ
1593 4280 1673 4329 17,
1717 4276 1832 4346 μέλι
1856 4286 1982 4346 post
2005 4295 2072 4328 πυ
2106 4280 2215 4327 οὓς
2270 4277 2292 4340 ΙΙ
2340 4276 2400 4326 ἐκ

159 4351 300 4413 πυροῦ
326 4350 378 4401 R
434 4353 458 4415 ΙΙ
514 4349 746 4402 ποιέουσι
771 4347 902 4401 PR:
959 4351 981 4413 ΙΙ
1046 4351 1124 4399 18.
1165 4346 1331 4399 εἵνεκα
1378 4346 1503 4398 εἶναι
1530 4345 1585 4396 R
1641 4349 1664 4410 ΙΙ
1731 4348 1810 4395 19.
1848 4353 2042 4416 χρυσῶι
2177 4346 2199 4408 ΙΙ
2258 4343 2401 4412 ἀνδρὶ

160 4421 268 4464 ante
360 4417 565 4489 λεδωνῷ
600 4418 626 4470 ¹?
687 4420 710 4482 ss
776 4418 860 4467 2¹.
903 4417 965 4468 σά
999 4418 1098 4474 δεις
1124 4417 1162 4469 d
1212 4419 1235 4481 ΙΙ
1295 4418 1379 4468 22.
1426 4417 1511 4466 καὶ
1548 4413 1876 4500 προερέοντας
1902 4443 1930 4451 -
1957 4431 2004 4482 p.
2045 4414 2164 4472 174,
2195 4413 2225 4461 2
2265 4408 2400 4480 ὕδωρ

162 4497 253 4532 om.
286 4435 385 4549 giu
431 4487 511 4537 23.
555 4486 757 4554 βασιλεῖ
779 4435 995 4538 ABPdp
1018 4489 1042 4551 ss
1089 4487 1171 4536 24.
1214 4485 1296 4537 ἐπὶ
1322 4514 1349 4523 -
1374 4501 1425 4553 p.
1462 4485 1576 4546 174,
1615 4490 1627 4532 Ι
1663 4482 1930 4550 απέπεμπε
1956 4499 2061 4532 om.
2089 4497 2149 4548 q:
