<?xml version="1.0" encoding="UTF-8"?>
<!DOCTYPE html PUBLIC "-//W3C//DTD XHTML 1.0 Transitional//EN"
    "http://www.w3.org/TR/xhtml1/DTD/xhtml1-transitional.dtd">
<html xmlns="http://www.w3.org/1999/xhtml" xml:lang="en" lang="en">
 <head>
  <title>
</title>
<meta http-equiv="Content-Type" content="text/html;charset=utf-8" />
  <meta name='ocr-system' content='tesseract 3.04.00' />
  <meta name='ocr-capabilities' content='ocr_page ocr_carea ocr_par ocr_line ocrx_word'/>
</head>
<body>
  <div class='ocr_page' id='page_1' title='image "./herodotihistori00unkngoog/herodotihistori00unkngoog_0038.png"; bbox 0 0 3059 5125; ppageno 0'>
   <div class='ocr_carea' id='block_1_1' title="bbox 566 340 1841 407">
    <p class='ocr_par' dir='ltr' id='par_1_1' title="bbox 566 340 1841 407">
     <span class='ocr_line' id='line_1_1' title="bbox 566 340 1841 407; baseline -0.007 0"><span class='ocrx_word' id='word_1_1' title='bbox 566 357 710 407; x_wconf 69' lang='lat' dir='ltr'>xxx</span> <span class='ocrx_word' id='word_1_2' title='bbox 1543 340 1841 398; x_wconf 65' lang='lat' dir='ltr'>Praefatio.</span> 
     </span>
    </p>
   </div>
   <div class='ocr_carea' id='block_1_2' title="bbox 563 516 2872 614">
    <p class='ocr_par' dir='ltr' id='par_1_2' title="bbox 563 516 2872 614">
     <span class='ocr_line' id='line_1_2' title="bbox 563 516 2872 614; baseline 0 -25"><span class='ocrx_word' id='word_1_3' title='bbox 563 516 714 591; x_wconf 91' lang='lat' dir='ltr'>bile</span> <span class='ocrx_word' id='word_1_4' title='bbox 751 520 1358 613; x_wconf 82' lang='lat' dir='ltr'>praetermittam,</span> <span class='ocrx_word' id='word_1_5' title='bbox 1406 544 1597 614; x_wconf 86' lang='lat' dir='ltr'>quae</span> <span class='ocrx_word' id='word_1_6' title='bbox 1641 543 1793 591; x_wconf 90' lang='lat' dir='ltr'>non</span> <span class='ocrx_word' id='word_1_7' title='bbox 1842 518 2002 613; x_wconf 91' lang='lat' dir='ltr'>ipse</span> <span class='ocrx_word' id='word_1_8' title='bbox 2050 526 2503 591; x_wconf 86' lang='lat' dir='ltr'>commentus</span> <span class='ocrx_word' id='word_1_9' title='bbox 2552 516 2872 592; x_wconf 84' lang='lat' dir='ltr'>videtur</span> 
     </span>
    </p>
   </div>
   <div class='ocr_carea' id='block_1_3' title="bbox 564 645 2866 743">
    <p class='ocr_par' dir='ltr' id='par_1_3' title="bbox 564 645 2866 743">
     <span class='ocr_line' id='line_1_3' title="bbox 564 645 2866 743; baseline -0.001 -22"><span class='ocrx_word' id='word_1_10' title='bbox 564 649 695 721; x_wconf 88' lang='lat' dir='ltr'>sed</span> <span class='ocrx_word' id='word_1_11' title='bbox 729 669 826 721; x_wconf 87' lang='lat' dir='ltr'>ex</span> <span class='ocrx_word' id='word_1_12' title='bbox 862 657 1200 721; x_wconf 80' lang='lat' dir='ltr'>accurata</span> <span class='ocrx_word' id='word_1_13' title='bbox 1242 657 1626 722; x_wconf 82' lang='lat' dir='ltr'>auctorum</span> <span class='ocrx_word' id='word_1_14' title='bbox 1672 647 1993 723; x_wconf 86' lang='lat' dir='ltr'>lectione</span> <span class='ocrx_word' id='word_1_15' title='bbox 2037 646 2445 743; x_wconf 79' lang='lat' dir='ltr'>collegisse,</span> <span class='ocrx_word' id='word_1_16' title='bbox 2492 645 2705 721; x_wconf 86' lang='lat' dir='ltr'>velut</span> <span class='ocrx_word' id='word_1_17' title='bbox 2750 670 2866 719; x_wconf 80' lang='lat' dir='ltr'>ex</span> 
     </span>
    </p>
   </div>
   <div class='ocr_carea' id='block_1_4' title="bbox 529 773 2871 4623">
    <p class='ocr_par' dir='ltr' id='par_1_4' title="bbox 529 773 2871 3205">
     <span class='ocr_line' id='line_1_4' title="bbox 564 773 2867 874; baseline 0 -26"><span class='ocrx_word' id='word_1_18' title='bbox 564 777 879 852; x_wconf 83' lang='lat' dir='ltr'>Stobaeo</span> <span class='ocrx_word' id='word_1_19' title='bbox 917 774 1024 874; x_wconf 74' lang='lat' dir='ltr'>((l&#39;&#39;</span> <span class='ocrx_word' id='word_1_20' title='bbox 1063 775 1181 851; x_wconf 85' lang='lat'>53.</span> <span class='ocrx_word' id='word_1_21' title='bbox 1226 779 1351 853; x_wconf 88' lang='grc'>80.</span> <span class='ocrx_word' id='word_1_22' title='bbox 1392 778 1513 852; x_wconf 90' lang='grc'>82.</span> <span class='ocrx_word' id='word_1_23' title='bbox 1570 776 1625 850; x_wconf 89' lang='grc' dir='ltr'>Δ</span> <span class='ocrx_word' id='word_1_24' title='bbox 1672 778 1839 851; x_wconf 88' lang='grc'><strong>104.</strong></span> <span class='ocrx_word' id='word_1_25' title='bbox 1880 774 1943 849; x_wconf 94' lang='grc' dir='ltr'>Ζ.</span> <span class='ocrx_word' id='word_1_26' title='bbox 1972 778 2095 851; x_wconf 87' lang='grc'><strong>86.</strong></span> <span class='ocrx_word' id='word_1_27' title='bbox 2157 773 2220 847; x_wconf 88' lang='grc' dir='ltr'><strong>Η</strong></span> <span class='ocrx_word' id='word_1_28' title='bbox 2261 777 2382 851; x_wconf 94' lang='grc'>49.</span> <span class='ocrx_word' id='word_1_29' title='bbox 2430 778 2599 849; x_wconf 91' lang='grc'><strong>102.</strong></span> <span class='ocrx_word' id='word_1_30' title='bbox 2648 775 2867 871; x_wconf 88' lang='grc'><strong>160),</strong></span> 
     </span>
     <span class='ocr_line' id='line_1_5' title="bbox 564 903 2871 1004; baseline 0 -25"><span class='ocrx_word' id='word_1_31' title='bbox 564 906 965 980; x_wconf 77' lang='lat' dir='ltr'>Plutarcho</span> <span class='ocrx_word' id='word_1_32' title='bbox 1017 904 1097 1004; x_wconf 90' lang='grc' dir='ltr'>(Γ</span> <span class='ocrx_word' id='word_1_33' title='bbox 1135 907 1257 980; x_wconf 88' lang='grc'><strong>46.</strong></span> <span class='ocrx_word' id='word_1_34' title='bbox 1314 903 1370 978; x_wconf 91' lang='grc' dir='ltr'><strong>Δ</strong></span> <span class='ocrx_word' id='word_1_35' title='bbox 1415 908 1584 981; x_wconf 92' lang='grc'><strong>160.</strong></span> <span class='ocrx_word' id='word_1_36' title='bbox 1641 903 1697 978; x_wconf 91' lang='grc' dir='ltr'><strong>Ζ</strong></span> <span class='ocrx_word' id='word_1_37' title='bbox 1738 906 1935 1002; x_wconf 83' lang='grc'><strong>105),</strong></span> <span class='ocrx_word' id='word_1_38' title='bbox 1985 907 2313 981; x_wconf 88' lang='lat' dir='ltr'>Zenobio</span> <span class='ocrx_word' id='word_1_39' title='bbox 2352 904 2430 1002; x_wconf 87' lang='grc' dir='ltr'>(Δ</span> <span class='ocrx_word' id='word_1_40' title='bbox 2468 905 2630 1001; x_wconf 90' lang='grc'><strong>23),</strong></span> <span class='ocrx_word' id='word_1_41' title='bbox 2684 905 2871 979; x_wconf 81' lang='lat' dir='ltr'>Ste-</span> 
     </span>
     <span class='ocr_line' id='line_1_6' title="bbox 561 1031 2869 1133; baseline -0 -24"><span class='ocrx_word' id='word_1_42' title='bbox 561 1037 813 1131; x_wconf 83' lang='lat' dir='ltr'>phano</span> <span class='ocrx_word' id='word_1_43' title='bbox 834 1037 1196 1133; x_wconf 80' lang='lat' dir='ltr'>Byzantio</span> <span class='ocrx_word' id='word_1_44' title='bbox 1222 1036 1343 1110; x_wconf 86' lang='lat' dir='ltr'>vel</span> <span class='ocrx_word' id='word_1_45' title='bbox 1378 1036 1543 1131; x_wconf 90' lang='lat' dir='ltr'>ipso</span> <span class='ocrx_word' id='word_1_46' title='bbox 1567 1036 1998 1111; x_wconf 78' lang='lat' dir='ltr'>Herodiano</span> <span class='ocrx_word' id='word_1_47' title='bbox 2034 1031 2114 1131; x_wconf 91' lang='grc' dir='ltr'>(Δ</span> <span class='ocrx_word' id='word_1_48' title='bbox 2132 1035 2284 1131; x_wconf 88' lang='grc'><strong>93),</strong></span> <span class='ocrx_word' id='word_1_49' title='bbox 2311 1035 2567 1108; x_wconf 85' lang='lat' dir='ltr'>Photii</span> <span class='ocrx_word' id='word_1_50' title='bbox 2602 1034 2869 1110; x_wconf 80' lang='lat' dir='ltr'>lexico</span> 
     </span>
     <span class='ocr_line' id='line_1_7' title="bbox 564 1162 2866 1262; baseline -0 -24"><span class='ocrx_word' id='word_1_51' title='bbox 564 1163 644 1261; x_wconf 84' lang='grc' dir='ltr'>(Γ</span> <span class='ocrx_word' id='word_1_52' title='bbox 696 1166 806 1262; x_wconf 85' lang='grc'>8);</span> <span class='ocrx_word' id='word_1_53' title='bbox 870 1187 1023 1238; x_wconf 87' lang='lat' dir='ltr'>non</span> <span class='ocrx_word' id='word_1_54' title='bbox 1072 1166 1294 1239; x_wconf 87' lang='lat' dir='ltr'>unius</span> <span class='ocrx_word' id='word_1_55' title='bbox 1352 1175 1604 1240; x_wconf 78' lang='lat' dir='ltr'>autem</span> <span class='ocrx_word' id='word_1_56' title='bbox 1655 1165 2088 1240; x_wconf 77' lang='lat' dir='ltr'>auctoritate</span> <span class='ocrx_word' id='word_1_57' title='bbox 2136 1162 2313 1238; x_wconf 85' lang='lat' dir='ltr'>fecit</span> <span class='ocrx_word' id='word_1_58' title='bbox 2362 1166 2562 1259; x_wconf 92' lang='lat' dir='ltr'>quod</span> <span class='ocrx_word' id='word_1_59' title='bbox 2603 1163 2659 1237; x_wconf 91' lang='lat' dir='ltr'>Z</span> <span class='ocrx_word' id='word_1_60' title='bbox 2705 1166 2866 1238; x_wconf 80' lang='lat'>105</span> 
     </span>
     <span class='ocr_line' id='line_1_8' title="bbox 560 1291 2865 1392; baseline -0.002 -23"><span class='ocrx_word' id='word_1_61' title='bbox 560 1319 830 1369; x_wconf 89' lang='lat' dir='ltr'>nomen</span> <span class='ocrx_word' id='word_1_62' title='bbox 880 1296 1213 1383; x_wconf 81' lang='lat' dir='ltr'>cursoris,</span> <span class='ocrx_word' id='word_1_63' title='bbox 1266 1297 1463 1390; x_wconf 80' lang='lat' dir='ltr'>quod</span> <span class='ocrx_word' id='word_1_64' title='bbox 1510 1296 1593 1367; x_wconf 85' lang='lat' dir='ltr'>in</span> <span class='ocrx_word' id='word_1_65' title='bbox 1642 1295 1901 1369; x_wconf 84' lang='lat' dir='ltr'>ceteris</span> <span class='ocrx_word' id='word_1_66' title='bbox 1952 1304 2063 1369; x_wconf 87' lang='lat' dir='ltr'>est</span> <span class='ocrx_word' id='word_1_67' title='bbox 2113 1293 2325 1368; x_wconf 89' lang='lat' dir='ltr'>libris</span> <span class='ocrx_word' id='word_1_68' title='bbox 2374 1291 2865 1392; x_wconf 74' lang='grc' dir='ltr'>Φειδιππίδης,</span> 
     </span>
     <span class='ocr_line' id='line_1_9' title="bbox 559 1423 2869 1510; baseline 0 -13"><span class='ocrx_word' id='word_1_69' title='bbox 559 1423 864 1499; x_wconf 83' lang='lat' dir='ltr'>fortasse</span> <span class='ocrx_word' id='word_1_70' title='bbox 914 1425 1340 1499; x_wconf 78' lang='lat' dir='ltr'>ioculariter</span> <span class='ocrx_word' id='word_1_71' title='bbox 1388 1426 1480 1497; x_wconf 79' lang='lat' dir='ltr'>ad</span> <span class='ocrx_word' id='word_1_72' title='bbox 1515 1434 1750 1499; x_wconf 79' lang='lat' dir='ltr'>artem</span> <span class='ocrx_word' id='word_1_73' title='bbox 1785 1425 2109 1498; x_wconf 88' lang='lat' dir='ltr'>hominis</span> <span class='ocrx_word' id='word_1_74' title='bbox 2146 1423 2625 1510; x_wconf 80' lang='lat' dir='ltr'>declinatum,</span> <span class='ocrx_word' id='word_1_75' title='bbox 2672 1424 2869 1497; x_wconf 84' lang='lat' dir='ltr'>scri-</span> 
     </span>
     <span class='ocr_line' id='line_1_10' title="bbox 564 1551 2863 1653; baseline -0.001 -25"><span class='ocrx_word' id='word_1_76' title='bbox 564 1557 716 1651; x_wconf 91' lang='lat' dir='ltr'>psit</span> <span class='ocrx_word' id='word_1_77' title='bbox 749 1551 1180 1653; x_wconf 76' lang='grc' dir='ltr'><strong>Φιλιππίδης.</strong></span> <span class='ocrx_word' id='word_1_78' title='bbox 1265 1556 1347 1626; x_wconf 91' lang='lat' dir='ltr'>in</span> <span class='ocrx_word' id='word_1_79' title='bbox 1397 1556 1507 1627; x_wconf 85' lang='lat' dir='ltr'>eis</span> <span class='ocrx_word' id='word_1_80' title='bbox 1556 1554 1759 1628; x_wconf 88' lang='lat' dir='ltr'>enim</span> <span class='ocrx_word' id='word_1_81' title='bbox 1810 1578 2003 1648; x_wconf 76' lang='lat' dir='ltr'>quae</span> <span class='ocrx_word' id='word_1_82' title='bbox 2051 1555 2429 1628; x_wconf 86' lang='lat' dir='ltr'>hominem</span> <span class='ocrx_word' id='word_1_83' title='bbox 2477 1577 2863 1647; x_wconf 77' lang='lat' dir='ltr'>gramma-</span> 
     </span>
     <span class='ocr_line' id='line_1_11' title="bbox 564 1665 2865 1780; baseline -0.002 -22"><span class='ocrx_word' id='word_1_84' title='bbox 564 1686 795 1758; x_wconf 88' lang='lat' dir='ltr'>ticum</span> <span class='ocrx_word' id='word_1_85' title='bbox 845 1684 1170 1779; x_wconf 82' lang='lat' dir='ltr'>artisque</span> <span class='ocrx_word' id='word_1_86' title='bbox 1213 1665 1537 1779; x_wconf 77' lang='lat' dir='ltr'>peritum</span> <span class='ocrx_word' id='word_1_87' title='bbox 1584 1684 2074 1780; x_wconf 86' lang='lat' dir='ltr'>requirerent,</span> <span class='ocrx_word' id='word_1_88' title='bbox 2126 1684 2210 1755; x_wconf 92' lang='lat' dir='ltr'>in</span> <span class='ocrx_word' id='word_1_89' title='bbox 2257 1682 2865 1777; x_wconf 79' lang='lat' dir='ltr'>orthographicis</span> 
     </span>
     <span class='ocr_line' id='line_1_12' title="bbox 564 1808 2866 1910; baseline -0 -23"><span class='ocrx_word' id='word_1_90' title='bbox 564 1813 1155 1910; x_wconf 78' lang='lat' dir='ltr'>prosodiaoisque</span> <span class='ocrx_word' id='word_1_91' title='bbox 1196 1813 1743 1887; x_wconf 80' lang='lat' dir='ltr'>Herodianeam</span> <span class='ocrx_word' id='word_1_92' title='bbox 1781 1812 2249 1909; x_wconf 79' lang='lat' dir='ltr'>disciplinam</span> <span class='ocrx_word' id='word_1_93' title='bbox 2293 1808 2613 1908; x_wconf 82' lang='lat' dir='ltr'>praefert</span> <span class='ocrx_word' id='word_1_94' title='bbox 2646 1813 2866 1886; x_wconf 70' lang='lat' dir='ltr'>hami</span> 
     </span>
     <span class='ocr_line' id='line_1_13' title="bbox 562 1941 2865 2040; baseline -0 -23"><span class='ocrx_word' id='word_1_95' title='bbox 562 1943 1045 2040; x_wconf 85' lang='lat' dir='ltr'>indiligenter</span> <span class='ocrx_word' id='word_1_96' title='bbox 1079 1951 1535 2040; x_wconf 81' lang='lat' dir='ltr'>perceptam:</span> <span class='ocrx_word' id='word_1_97' title='bbox 1605 1963 1754 2039; x_wconf 88' lang='lat' dir='ltr'>quo</span> <span class='ocrx_word' id='word_1_98' title='bbox 1802 1941 2081 2016; x_wconf 75' lang='lat' dir='ltr'>factum</span> <span class='ocrx_word' id='word_1_99' title='bbox 2131 1952 2216 2015; x_wconf 92' lang='lat' dir='ltr'>ut</span> <span class='ocrx_word' id='word_1_100' title='bbox 2266 1944 2361 2014; x_wconf 82' lang='lat' dir='ltr'>ab</span> <span class='ocrx_word' id='word_1_101' title='bbox 2396 1942 2539 2014; x_wconf 88' lang='lat' dir='ltr'>hoc</span> <span class='ocrx_word' id='word_1_102' title='bbox 2571 1942 2865 2016; x_wconf 77' lang='lat' dir='ltr'>habea-</span> 
     </span>
     <span class='ocr_line' id='line_1_14' title="bbox 529 2059 2866 2168; baseline -0 -22"><span class='ocrx_word' id='word_1_103' title='bbox 529 2059 727 2146; x_wconf 56' lang='lat' dir='ltr'>&#39;mus</span> <span class='ocrx_word' id='word_1_104' title='bbox 764 2072 1052 2168; x_wconf 72' lang='lat' dir='ltr'>aliquot</span> <span class='ocrx_word' id='word_1_105' title='bbox 1083 2073 1389 2146; x_wconf 85' lang='lat' dir='ltr'>nomina</span> <span class='ocrx_word' id='word_1_106' title='bbox 1435 2072 1556 2148; x_wconf 87' lang='lat' dir='ltr'>vel</span> <span class='ocrx_word' id='word_1_107' title='bbox 1604 2074 1879 2168; x_wconf 77' lang='lat' dir='ltr'>scripta</span> <span class='ocrx_word' id='word_1_108' title='bbox 1923 2071 2192 2145; x_wconf 79' lang='lat' dir='ltr'>rectius</span> <span class='ocrx_word' id='word_1_109' title='bbox 2242 2070 2362 2146; x_wconf 84' lang='lat' dir='ltr'>vel</span> <span class='ocrx_word' id='word_1_110' title='bbox 2401 2071 2554 2143; x_wconf 88' lang='lat' dir='ltr'>suis</span> <span class='ocrx_word' id='word_1_111' title='bbox 2586 2096 2866 2145; x_wconf 76' lang='lat' dir='ltr'>accen-</span> 
     </span>
     <span class='ocr_line' id='line_1_15' title="bbox 564 2199 2863 2299; baseline -0.001 -22"><span class='ocrx_word' id='word_1_112' title='bbox 564 2206 766 2277; x_wconf 89' lang='lat' dir='ltr'>tibus</span> <span class='ocrx_word' id='word_1_113' title='bbox 798 2204 1184 2288; x_wconf 81' lang='lat' dir='ltr'>instructa,</span> <span class='ocrx_word' id='word_1_114' title='bbox 1223 2211 1306 2274; x_wconf 90' lang='lat' dir='ltr'>ut</span> <span class='ocrx_word' id='word_1_115' title='bbox 1341 2199 1396 2273; x_wconf 89' lang='grc' dir='ltr'>Γ</span> <span class='ocrx_word' id='word_1_116' title='bbox 1436 2203 1579 2275; x_wconf 90' lang='grc'>136</span> <span class='ocrx_word' id='word_1_117' title='bbox 1615 2201 1862 2299; x_wconf 78' lang='grc' dir='ltr'>γαῦλον</span> <span class='ocrx_word' id='word_1_118' title='bbox 1904 2199 2019 2297; x_wconf 87' lang='lat' dir='ltr'>(cf.</span> <span class='ocrx_word' id='word_1_119' title='bbox 2051 2201 2344 2276; x_wconf 86' lang='lat' dir='ltr'>Lentzii</span> <span class='ocrx_word' id='word_1_120' title='bbox 2372 2200 2863 2274; x_wconf 81' lang='lat' dir='ltr'>Herodianus</span> 
     </span>
     <span class='ocr_line' id='line_1_16' title="bbox 564 2325 2855 2428; baseline -0.002 -22"><span class='ocrx_word' id='word_1_121' title='bbox 564 2336 603 2406; x_wconf 93' lang='lat' dir='ltr'>I</span> <span class='ocrx_word' id='word_1_122' title='bbox 647 2358 721 2428; x_wconf 92' lang='lat' dir='ltr'>p.</span> <span class='ocrx_word' id='word_1_123' title='bbox 770 2329 964 2425; x_wconf 82' lang='lat'>156),</span> <span class='ocrx_word' id='word_1_124' title='bbox 1019 2325 1084 2402; x_wconf 91' lang='lat' dir='ltr'>H</span> <span class='ocrx_word' id='word_1_125' title='bbox 1129 2331 1272 2404; x_wconf 82' lang='lat'>154</span> <span class='ocrx_word' id='word_1_126' title='bbox 1327 2328 1667 2403; x_wconf 81' lang='grc' dir='ltr'>Παταίκου</span> <span class='ocrx_word' id='word_1_127' title='bbox 1703 2340 1780 2404; x_wconf 89' lang='lat' dir='ltr'>et</span> <span class='ocrx_word' id='word_1_128' title='bbox 1816 2328 1870 2403; x_wconf 91' lang='grc' dir='ltr'>Γ</span> <span class='ocrx_word' id='word_1_129' title='bbox 1908 2331 2004 2404; x_wconf 87' lang='grc'>37</span> <span class='ocrx_word' id='word_1_130' title='bbox 2062 2328 2458 2403; x_wconf 64' lang='lat' dir='ltr'>flanimea</span> <span class='ocrx_word' id='word_1_131' title='bbox 2504 2328 2619 2425; x_wconf 77' lang='lat' dir='ltr'>(cf.</span> <span class='ocrx_word' id='word_1_132' title='bbox 2661 2331 2855 2404; x_wconf 86' lang='lat' dir='ltr'>ibid.</span> 
     </span>
     <span class='ocr_line' id='line_1_17' title="bbox 565 2447 2864 2559; baseline -0.001 -25"><span class='ocrx_word' id='word_1_133' title='bbox 565 2488 639 2558; x_wconf 90' lang='lat' dir='ltr'>p.</span> <span class='ocrx_word' id='word_1_134' title='bbox 688 2462 869 2547; x_wconf 84' lang='lat'>151,</span> <span class='ocrx_word' id='word_1_135' title='bbox 927 2457 982 2530; x_wconf 88' lang='grc' dir='ltr'><strong>Δ</strong></span> <span class='ocrx_word' id='word_1_136' title='bbox 1026 2460 1171 2532; x_wconf 89' lang='grc'>164</span> <span class='ocrx_word' id='word_1_137' title='bbox 1213 2447 1519 2559; x_wconf 73' lang='grc' dir='ltr'>Ἀλαζείρ</span> <span class='ocrx_word' id='word_1_138' title='bbox 1569 2458 1675 2555; x_wconf 91' lang='lat' dir='ltr'>(in</span> <span class='ocrx_word' id='word_1_139' title='bbox 1726 2481 1874 2555; x_wconf 89' lang='lat' dir='ltr'>quo</span> <span class='ocrx_word' id='word_1_140' title='bbox 1924 2469 2036 2534; x_wconf 86' lang='lat' dir='ltr'>est</span> <span class='ocrx_word' id='word_1_141' title='bbox 2079 2460 2492 2554; x_wconf 77' lang='lat' dir='ltr'>corrigendi</span> <span class='ocrx_word' id='word_1_142' title='bbox 2540 2468 2864 2532; x_wconf 77' lang='lat' dir='ltr'>conatus</span> 
     </span>
     <span class='ocr_line' id='line_1_18' title="bbox 566 2582 2861 2690; baseline -0.001 -25"><span class='ocrx_word' id='word_1_143' title='bbox 566 2588 1064 2688; x_wconf 83' lang='lat' dir='ltr'>imperfectus)</span> <span class='ocrx_word' id='word_1_144' title='bbox 1110 2599 1188 2663; x_wconf 87' lang='lat' dir='ltr'>et</span> <span class='ocrx_word' id='word_1_145' title='bbox 1226 2582 1587 2690; x_wconf 75' lang='grc' dir='ltr'>Ἀλάζειρα</span> <span class='ocrx_word' id='word_1_146' title='bbox 1635 2589 1840 2685; x_wconf 90' lang='lat' dir='ltr'>(ibid.</span> <span class='ocrx_word' id='word_1_147' title='bbox 1888 2614 1963 2685; x_wconf 90' lang='lat' dir='ltr'>p.</span> <span class='ocrx_word' id='word_1_148' title='bbox 2006 2589 2364 2686; x_wconf 89' lang='grc'><strong>49),172</strong></span> <span class='ocrx_word' id='word_1_149' title='bbox 2402 2614 2562 2684; x_wconf 90' lang='lat' dir='ltr'>sqq.</span> <span class='ocrx_word' id='word_1_150' title='bbox 2602 2585 2861 2662; x_wconf 71' lang='lat' dir='ltr'>Nm-</span> 
     </span>
     <span class='ocr_line' id='line_1_19' title="bbox 570 2715 2860 2817; baseline 0.001 -26"><span class='ocrx_word' id='word_1_151' title='bbox 570 2729 788 2817; x_wconf 78' lang='grc' dir='ltr'>μῶνες</span> <span class='ocrx_word' id='word_1_152' title='bbox 839 2720 1041 2816; x_wconf 87' lang='lat' dir='ltr'>(ibid.</span> <span class='ocrx_word' id='word_1_153' title='bbox 1083 2744 1155 2814; x_wconf 89' lang='lat' dir='ltr'>p.</span> <span class='ocrx_word' id='word_1_154' title='bbox 1199 2719 1361 2815; x_wconf 86' lang='lat'>32),</span> <span class='ocrx_word' id='word_1_155' title='bbox 1419 2715 1483 2790; x_wconf 87' lang='lat' dir='ltr'>H</span> <span class='ocrx_word' id='word_1_156' title='bbox 1531 2719 1672 2791; x_wconf 91' lang='grc'><strong>109</strong></span> <span class='ocrx_word' id='word_1_157' title='bbox 1725 2715 2000 2792; x_wconf 81' lang='grc' dir='ltr'>Δίκαιαν</span> <span class='ocrx_word' id='word_1_158' title='bbox 2050 2718 2255 2814; x_wconf 87' lang='lat' dir='ltr'>(ibid.</span> <span class='ocrx_word' id='word_1_159' title='bbox 2294 2743 2368 2813; x_wconf 90' lang='lat' dir='ltr'>p.</span> <span class='ocrx_word' id='word_1_160' title='bbox 2411 2716 2626 2814; x_wconf 83' lang='lat'>272),</span> <span class='ocrx_word' id='word_1_161' title='bbox 2700 2718 2860 2793; x_wconf 92' lang='grc'>176</span> 
     </span>
     <span class='ocr_line' id='line_1_20' title="bbox 556 2835 2851 2948; baseline -0.001 -25.982"><span class='ocrx_word' id='word_1_162' title='bbox 556 2840 901 2948; x_wconf 73' lang='grc' dir='ltr'>Ἀνθήλης</span> <span class='ocrx_word' id='word_1_163' title='bbox 939 2848 1140 2944; x_wconf 86' lang='lat' dir='ltr'>(ibid.</span> <span class='ocrx_word' id='word_1_164' title='bbox 1182 2872 1254 2944; x_wconf 92' lang='lat' dir='ltr'>p.</span> <span class='ocrx_word' id='word_1_165' title='bbox 1293 2848 1492 2942; x_wconf 88' lang='grc'><strong>322),</strong></span> <span class='ocrx_word' id='word_1_166' title='bbox 1530 2845 1558 2919; x_wconf 88' lang='grc' dir='ltr'>Ι</span> <span class='ocrx_word' id='word_1_167' title='bbox 1598 2848 1694 2921; x_wconf 87' lang='grc'>43</span> <span class='ocrx_word' id='word_1_168' title='bbox 1724 2835 2120 2946; x_wconf 73' lang='grc' dir='ltr'>Ἐγχιλὲων</span> <span class='ocrx_word' id='word_1_169' title='bbox 2162 2846 2263 2944; x_wconf 89' lang='lat' dir='ltr'>(et</span> <span class='ocrx_word' id='word_1_170' title='bbox 2297 2849 2612 2921; x_wconf 83' lang='lat' dir='ltr'>debebat</span> <span class='ocrx_word' id='word_1_171' title='bbox 2647 2842 2706 2918; x_wconf 88' lang='lat' dir='ltr'>E</span> <span class='ocrx_word' id='word_1_172' title='bbox 2752 2849 2851 2922; x_wconf 89' lang='grc'>61</span> 
     </span>
     <span class='ocr_line' id='line_1_21' title="bbox 556 2969 2856 3076; baseline 0 -26.014"><span class='ocrx_word' id='word_1_173' title='bbox 556 2969 973 3076; x_wconf 80' lang='grc' dir='ltr'>Ἐγχελέας.</span> <span class='ocrx_word' id='word_1_174' title='bbox 1041 2976 1223 3051; x_wconf 89' lang='lat' dir='ltr'>ibid.</span> <span class='ocrx_word' id='word_1_175' title='bbox 1277 3002 1351 3073; x_wconf 89' lang='lat' dir='ltr'>p.</span> <span class='ocrx_word' id='word_1_176' title='bbox 1407 2977 1608 3073; x_wconf 90' lang='grc'><strong>237).</strong></span> <span class='ocrx_word' id='word_1_177' title='bbox 1714 2979 1989 3072; x_wconf 81' lang='lat' dir='ltr'>quibus</span> <span class='ocrx_word' id='word_1_178' title='bbox 2051 2978 2223 3050; x_wconf 72' lang='lat' dir='ltr'>addi</span> <span class='ocrx_word' id='word_1_179' title='bbox 2286 2985 2531 3072; x_wconf 83' lang='lat' dir='ltr'>potest</span> <span class='ocrx_word' id='word_1_180' title='bbox 2588 2972 2642 3046; x_wconf 93' lang='grc' dir='ltr'><strong><em>Γ</em></strong></span> <span class='ocrx_word' id='word_1_181' title='bbox 2700 2977 2856 3050; x_wconf 88' lang='grc'>122</span> 
     </span>
     <span class='ocr_line' id='line_1_22' title="bbox 568 3098 2853 3205; baseline 0 -26"><span class='ocrx_word' id='word_1_182' title='bbox 568 3103 882 3181; x_wconf 76' lang='grc' dir='ltr'>Κνωσίου</span> <span class='ocrx_word' id='word_1_183' title='bbox 919 3105 1118 3201; x_wconf 88' lang='lat' dir='ltr'>(ibid.</span> <span class='ocrx_word' id='word_1_184' title='bbox 1158 3130 1234 3202; x_wconf 91' lang='lat' dir='ltr'>p.</span> <span class='ocrx_word' id='word_1_185' title='bbox 1277 3105 1479 3202; x_wconf 91' lang='grc'><strong>206,</strong></span> <span class='ocrx_word' id='word_1_186' title='bbox 1517 3101 1573 3177; x_wconf 91' lang='grc' dir='ltr'>Δ</span> <span class='ocrx_word' id='word_1_187' title='bbox 1612 3107 1708 3179; x_wconf 89' lang='grc'>48</span> <span class='ocrx_word' id='word_1_188' title='bbox 1739 3098 2145 3205; x_wconf 74' lang='grc' dir='ltr'>’(Ορδηαος</span> <span class='ocrx_word' id='word_1_189' title='bbox 2123 3105 2325 3202; x_wconf 86' lang='lat' dir='ltr'>(ibid.</span> <span class='ocrx_word' id='word_1_190' title='bbox 2361 3131 2434 3200; x_wconf 88' lang='lat' dir='ltr'>p.</span> <span class='ocrx_word' id='word_1_191' title='bbox 2474 3107 2654 3193; x_wconf 84' lang='lat'>210,</span> <span class='ocrx_word' id='word_1_192' title='bbox 2700 3106 2853 3203; x_wconf 88' lang='grc'><strong>12).</strong></span> 
     </span>
    </p>

    <p class='ocr_par' dir='ltr' id='par_1_5' title="bbox 566 3232 2857 4623">
     <span class='ocr_line' id='line_1_23' title="bbox 566 3232 2857 3331; baseline -0.001 -21"><span class='ocrx_word' id='word_1_193' title='bbox 566 3262 704 3310; x_wconf 85' lang='lat' dir='ltr'>nec</span> <span class='ocrx_word' id='word_1_194' title='bbox 754 3238 914 3310; x_wconf 85' lang='lat' dir='ltr'>sine</span> <span class='ocrx_word' id='word_1_195' title='bbox 964 3234 1326 3310; x_wconf 85' lang='lat' dir='ltr'>eiusmodi</span> <span class='ocrx_word' id='word_1_196' title='bbox 1373 3237 1809 3309; x_wconf 74' lang='lat' dir='ltr'>auctoritate</span> <span class='ocrx_word' id='word_1_197' title='bbox 1858 3232 2118 3308; x_wconf 82' lang='lat' dir='ltr'>fecisse</span> <span class='ocrx_word' id='word_1_198' title='bbox 2168 3236 2479 3310; x_wconf 74' lang='lat' dir='ltr'>arbitror</span> <span class='ocrx_word' id='word_1_199' title='bbox 2527 3244 2613 3309; x_wconf 87' lang='lat' dir='ltr'>ut</span> <span class='ocrx_word' id='word_1_200' title='bbox 2652 3237 2857 3331; x_wconf 82' lang='lat' dir='ltr'>regis</span> 
     </span>
     <span class='ocr_line' id='line_1_24' title="bbox 569 3362 2855 3463; baseline -0 -23"><span class='ocrx_word' id='word_1_201' title='bbox 569 3367 926 3463; x_wconf 77' lang='lat' dir='ltr'>Aegyptii</span> <span class='ocrx_word' id='word_1_202' title='bbox 954 3388 1247 3453; x_wconf 80' lang='lat' dir='ltr'>nomen,</span> <span class='ocrx_word' id='word_1_203' title='bbox 1278 3367 1477 3462; x_wconf 90' lang='lat' dir='ltr'>quod</span> <span class='ocrx_word' id='word_1_204' title='bbox 1502 3366 1847 3439; x_wconf 79' lang='lat' dir='ltr'>scribitur</span> <span class='ocrx_word' id='word_1_205' title='bbox 1880 3365 1964 3437; x_wconf 89' lang='lat' dir='ltr'>in</span> <span class='ocrx_word' id='word_1_206' title='bbox 1998 3364 2260 3438; x_wconf 72' lang='lat' dir='ltr'>ceteris</span> <span class='ocrx_word' id='word_1_207' title='bbox 2286 3362 2439 3438; x_wconf 80' lang='lat' dir='ltr'>fere</span> <span class='ocrx_word' id='word_1_208' title='bbox 2475 3365 2855 3439; x_wconf 86' lang='lat' dir='ltr'>codicibus</span> 
     </span>
     <span class='ocr_line' id='line_1_25' title="bbox 571 3489 2853 3594; baseline 0 -28"><span class='ocrx_word' id='word_1_209' title='bbox 571 3489 842 3594; x_wconf 74' lang='grc' dir='ltr'>Μοῖρις,</span> <span class='ocrx_word' id='word_1_210' title='bbox 911 3496 1189 3591; x_wconf 90' lang='lat' dir='ltr'>ubique</span> <span class='ocrx_word' id='word_1_211' title='bbox 1250 3503 1570 3569; x_wconf 77' lang='lat' dir='ltr'>mutaret</span> <span class='ocrx_word' id='word_1_212' title='bbox 1618 3496 1700 3568; x_wconf 90' lang='lat' dir='ltr'>in</span> <span class='ocrx_word' id='word_1_213' title='bbox 1748 3489 2008 3594; x_wconf 74' lang='grc' dir='ltr'>Μόριςε</span> <span class='ocrx_word' id='word_1_214' title='bbox 2084 3495 2282 3588; x_wconf 87' lang='lat' dir='ltr'>quod</span> <span class='ocrx_word' id='word_1_215' title='bbox 2332 3502 2414 3567; x_wconf 89' lang='lat' dir='ltr'>et</span> <span class='ocrx_word' id='word_1_216' title='bbox 2463 3495 2622 3590; x_wconf 90' lang='lat' dir='ltr'>ipse</span> <span class='ocrx_word' id='word_1_217' title='bbox 2667 3492 2853 3567; x_wconf 85' lang='lat' dir='ltr'>olim</span> 
     </span>
     <span class='ocr_line' id='line_1_26' title="bbox 566 3622 2853 3720; baseline -0 -23"><span class='ocrx_word' id='word_1_218' title='bbox 566 3622 969 3719; x_wconf 82' lang='lat' dir='ltr'>multiplici</span> <span class='ocrx_word' id='word_1_219' title='bbox 1046 3624 1682 3720; x_wconf 77' lang='lat' dir='ltr'>argumentatione</span> <span class='ocrx_word' id='word_1_220' title='bbox 1753 3624 2223 3697; x_wconf 76' lang='lat' dir='ltr'>vindicabam</span> <span class='ocrx_word' id='word_1_221' title='bbox 2243 3676 2262 3710; x_wconf 94' lang='lat'>,</span> <span class='ocrx_word' id='word_1_222' title='bbox 2351 3647 2551 3696; x_wconf 85' lang='lat' dir='ltr'>nunc</span> <span class='ocrx_word' id='word_1_223' title='bbox 2624 3626 2853 3697; x_wconf 86' lang='lat' dir='ltr'>debui</span> 
     </span>
     <span class='ocr_line' id='line_1_27' title="bbox 569 3753 2851 3849; baseline 0 -24"><span class='ocrx_word' id='word_1_224' title='bbox 569 3755 929 3841; x_wconf 73' lang='lat' dir='ltr'>omittere,</span> <span class='ocrx_word' id='word_1_225' title='bbox 985 3772 1135 3826; x_wconf 78' lang='lat' dir='ltr'>non</span> <span class='ocrx_word' id='word_1_226' title='bbox 1187 3755 1384 3849; x_wconf 91' lang='lat' dir='ltr'>quod</span> <span class='ocrx_word' id='word_1_227' title='bbox 1430 3754 1681 3826; x_wconf 87' lang='lat' dir='ltr'>minus</span> <span class='ocrx_word' id='word_1_228' title='bbox 1728 3753 1881 3825; x_wconf 77' lang='lat' dir='ltr'>iam</span> <span class='ocrx_word' id='word_1_229' title='bbox 1917 3755 2266 3847; x_wconf 86' lang='lat' dir='ltr'>probetur</span> <span class='ocrx_word' id='word_1_230' title='bbox 2299 3774 2430 3847; x_wconf 90' lang='lat' dir='ltr'>per</span> <span class='ocrx_word' id='word_1_231' title='bbox 2466 3777 2545 3826; x_wconf 90' lang='lat' dir='ltr'>se</span> <span class='ocrx_word' id='word_1_232' title='bbox 2576 3754 2851 3849; x_wconf 81' lang='lat' dir='ltr'>ipsum,</span> 
     </span>
     <span class='ocr_line' id='line_1_28' title="bbox 569 3880 2855 3978; baseline -0 -22"><span class='ocrx_word' id='word_1_233' title='bbox 569 3884 698 3956; x_wconf 87' lang='lat' dir='ltr'>sed</span> <span class='ocrx_word' id='word_1_234' title='bbox 731 3884 905 3978; x_wconf 86' lang='lat' dir='ltr'>quia</span> <span class='ocrx_word' id='word_1_235' title='bbox 941 3904 986 3956; x_wconf 81' lang='lat' dir='ltr'>a</span> <span class='ocrx_word' id='word_1_236' title='bbox 1017 3882 1164 3957; x_wconf 83' lang='lat' dir='ltr'>fide</span> <span class='ocrx_word' id='word_1_237' title='bbox 1200 3884 1534 3955; x_wconf 88' lang='lat' dir='ltr'>codicum</span> <span class='ocrx_word' id='word_1_238' title='bbox 1568 3907 1805 3978; x_wconf 80' lang='lat' dir='ltr'>paene</span> <span class='ocrx_word' id='word_1_239' title='bbox 1838 3880 2035 3955; x_wconf 86' lang='lat' dir='ltr'>nihil</span> <span class='ocrx_word' id='word_1_240' title='bbox 2067 3883 2296 3955; x_wconf 77' lang='lat' dir='ltr'>habet</span> <span class='ocrx_word' id='word_1_241' title='bbox 2328 3882 2701 3977; x_wconf 84' lang='lat' dir='ltr'>praesidii.</span> <span class='ocrx_word' id='word_1_242' title='bbox 2768 3894 2855 3955; x_wconf 78' lang='lat' dir='ltr'>at</span> 
     </span>
     <span class='ocr_line' id='line_1_29' title="bbox 569 4001 2856 4112; baseline 0 -28"><span class='ocrx_word' id='word_1_243' title='bbox 569 4013 651 4084; x_wconf 88' lang='lat' dir='ltr'>in</span> <span class='ocrx_word' id='word_1_244' title='bbox 673 4001 1115 4112; x_wconf 75' lang='grc' dir='ltr'>Ἰνταφρένης</span> <span class='ocrx_word' id='word_1_245' title='bbox 1137 4008 1219 4108; x_wconf 83' lang='grc' dir='ltr'>(Γ</span> <span class='ocrx_word' id='word_1_246' title='bbox 1239 4014 1357 4085; x_wconf 90' lang='grc'>70.</span> <span class='ocrx_word' id='word_1_247' title='bbox 1388 4013 1529 4085; x_wconf 87' lang='grc'>118</span> <span class='ocrx_word' id='word_1_248' title='bbox 1549 4011 1709 4107; x_wconf 87' lang='lat' dir='ltr'>sq.),</span> <span class='ocrx_word' id='word_1_249' title='bbox 1741 4013 1939 4107; x_wconf 89' lang='lat' dir='ltr'>quod</span> <span class='ocrx_word' id='word_1_250' title='bbox 1965 4012 2240 4085; x_wconf 85' lang='lat' dir='ltr'>eximie</span> <span class='ocrx_word' id='word_1_251' title='bbox 2270 4009 2403 4084; x_wconf 83' lang='lat' dir='ltr'>ille</span> <span class='ocrx_word' id='word_1_252' title='bbox 2430 4013 2856 4097; x_wconf 77' lang='lat' dir='ltr'>emendavit</span> 
     </span>
     <span class='ocr_line' id='line_1_30' title="bbox 569 4128 2853 4240; baseline 0 -27"><span class='ocrx_word' id='word_1_253' title='bbox 569 4164 704 4237; x_wconf 87' lang='lat' dir='ltr'>pro</span> <span class='ocrx_word' id='word_1_254' title='bbox 737 4165 827 4215; x_wconf 90' lang='lat' dir='ltr'>eo</span> <span class='ocrx_word' id='word_1_255' title='bbox 861 4143 1062 4236; x_wconf 90' lang='lat' dir='ltr'>quod</span> <span class='ocrx_word' id='word_1_256' title='bbox 1096 4139 1340 4215; x_wconf 74' lang='lat' dir='ltr'>fuemt</span> <span class='ocrx_word' id='word_1_257' title='bbox 1377 4128 1836 4240; x_wconf 75' lang='grc' dir='ltr'>Ἰνταφέρνης,</span> <span class='ocrx_word' id='word_1_258' title='bbox 1892 4165 1981 4214; x_wconf 89' lang='lat' dir='ltr'>eo</span> <span class='ocrx_word' id='word_1_259' title='bbox 2024 4140 2258 4237; x_wconf 81' lang='lat' dir='ltr'>magis</span> <span class='ocrx_word' id='word_1_260' title='bbox 2306 4164 2508 4213; x_wconf 84' lang='lat' dir='ltr'>nunc</span> <span class='ocrx_word' id='word_1_261' title='bbox 2553 4164 2853 4235; x_wconf 86' lang='lat' dir='ltr'>quoque</span> 
     </span>
     <span class='ocr_line' id='line_1_31' title="bbox 571 4262 2853 4369; baseline 0.001 -27"><span class='ocrx_word' id='word_1_262' title='bbox 571 4271 962 4358; x_wconf 79' lang='lat' dir='ltr'>adsentior,</span> <span class='ocrx_word' id='word_1_263' title='bbox 989 4273 1187 4366; x_wconf 91' lang='lat' dir='ltr'>quod</span> <span class='ocrx_word' id='word_1_264' title='bbox 1209 4270 1303 4345; x_wconf 88' lang='lat' dir='ltr'>de</span> <span class='ocrx_word' id='word_1_265' title='bbox 1331 4270 1694 4365; x_wconf 81' lang='lat' dir='ltr'>scriptura</span> <span class='ocrx_word' id='word_1_266' title='bbox 1710 4262 2186 4369; x_wconf 73' lang='grc' dir='ltr'>Ἀρταφρένης,</span> <span class='ocrx_word' id='word_1_267' title='bbox 2216 4270 2416 4365; x_wconf 90' lang='lat' dir='ltr'>quod</span> <span class='ocrx_word' id='word_1_268' title='bbox 2442 4277 2555 4343; x_wconf 82' lang='lat' dir='ltr'>est</span> <span class='ocrx_word' id='word_1_269' title='bbox 2576 4292 2853 4344; x_wconf 79' lang='lat' dir='ltr'>nomen</span> 
     </span>
     <span class='ocr_line' id='line_1_32' title="bbox 572 4398 2857 4495; baseline 0.001 -24"><span class='ocrx_word' id='word_1_270' title='bbox 572 4399 782 4473; x_wconf 84' lang='lat' dir='ltr'>illius</span> <span class='ocrx_word' id='word_1_271' title='bbox 817 4399 1041 4495; x_wconf 82' lang='lat' dir='ltr'>plane</span> <span class='ocrx_word' id='word_1_272' title='bbox 1075 4399 1342 4487; x_wconf 80' lang='lat' dir='ltr'>simile,</span> <span class='ocrx_word' id='word_1_273' title='bbox 1393 4398 1632 4471; x_wconf 88' lang='lat' dir='ltr'>multo</span> <span class='ocrx_word' id='word_1_274' title='bbox 1670 4408 1920 4475; x_wconf 81' lang='lat' dir='ltr'>autem</span> <span class='ocrx_word' id='word_1_275' title='bbox 1971 4401 2172 4494; x_wconf 80' lang='lat' dir='ltr'>apud</span> <span class='ocrx_word' id='word_1_276' title='bbox 2205 4399 2667 4473; x_wconf 86' lang='lat' dir='ltr'>Herodotum</span> <span class='ocrx_word' id='word_1_277' title='bbox 2707 4420 2857 4473; x_wconf 84' lang='lat' dir='ltr'>usu</span> 
     </span>
     <span class='ocr_line' id='line_1_33' title="bbox 571 4527 2853 4623; baseline 0.002 -21"><span class='ocrx_word' id='word_1_278' title='bbox 571 4528 925 4615; x_wconf 68' lang='lat' dir='ltr'>crebdm,</span> <span class='ocrx_word' id='word_1_279' title='bbox 988 4529 1138 4601; x_wconf 79' lang='lat' dir='ltr'>iam</span> <span class='ocrx_word' id='word_1_280' title='bbox 1183 4554 1230 4600; x_wconf 86' lang='lat' dir='ltr'>a</span> <span class='ocrx_word' id='word_1_281' title='bbox 1276 4531 1613 4601; x_wconf 88' lang='lat' dir='ltr'>codicum</span> <span class='ocrx_word' id='word_1_282' title='bbox 1655 4529 1802 4602; x_wconf 82' lang='lat' dir='ltr'>fide</span> <span class='ocrx_word' id='word_1_283' title='bbox 1851 4552 2145 4623; x_wconf 77' lang='lat' dir='ltr'>prorsus</span> <span class='ocrx_word' id='word_1_284' title='bbox 2196 4527 2663 4623; x_wconf 72' lang='lat' dir='ltr'>exploratum</span> <span class='ocrx_word' id='word_1_285' title='bbox 2715 4541 2853 4607; x_wconf 75' lang='lat' dir='ltr'>est.</span> 
     </span>
    </p>
   </div>
   <div class='ocr_carea' id='block_1_5' title="bbox 3037 1068 3041 1619">
    <p class='ocr_par' dir='ltr' id='par_1_6' title="bbox 3037 1068 3041 1619">
     <span class='ocr_line' id='line_1_34' title="bbox 3037 1068 3041 1619; baseline 0 0"><span class='ocrx_word' id='word_1_286' title='bbox 3037 1068 3041 1619; x_wconf 95' lang='lat' dir='ltr'> </span> 
     </span>
    </p>
   </div>
   <div class='ocr_carea' id='block_1_6' title="bbox 3037 1068 3041 1789">
    <p class='ocr_par' dir='ltr' id='par_1_7' title="bbox 3037 1068 3041 1789">
     <span class='ocr_line' id='line_1_35' title="bbox 3037 1068 3041 1789; baseline 0 0"><span class='ocrx_word' id='word_1_287' title='bbox 3037 1068 3041 1789; x_wconf 95' lang='lat' dir='ltr'> </span> 
     </span>
    </p>
   </div>
   <div class='ocr_carea' id='block_1_7' title="bbox 3035 2887 3041 5095">
    <p class='ocr_par' dir='ltr' id='par_1_8' title="bbox 3035 2887 3041 5095">
     <span class='ocr_line' id='line_1_36' title="bbox 3035 2887 3041 5095; baseline 0 0"><span class='ocrx_word' id='word_1_288' title='bbox 3035 2887 3041 5095; x_wconf 95' lang='lat' dir='ltr'> </span> 
     </span>
    </p>
   </div>
  </div>
 </body>
</html>
