3059 5125
565 371 681 414 mv
1568 352 1854 407 Praefatio.

565 550 642 597 se
688 527 1011 600 tutantia
1057 527 1290 626 τιάραν
1341 530 1416 599 Α
1476 528 1660 615 132,
1711 527 1943 626 τιάρας
1994 526 2046 600 Γ
2106 530 2220 602 12.
2278 525 2337 598 H
2392 530 2481 601 61
2547 539 2847 623 propter

566 658 994 728 mendosum
1043 658 1261 753 τιήρει
1319 655 1372 728 θ
1438 657 1621 744 120,
1687 659 1885 752 quod
1936 658 2012 729 R
2056 658 2375 730 correxit
2431 660 2637 754 τιήρη
2708 659 2849 728 hoc

566 793 677 858 est
721 788 948 883 τιήρῃ,
1011 785 1078 857 Ο
1119 788 1380 883 τριήρει
1428 787 1572 859 hoc
1621 795 1731 858 est
1777 789 2074 884 τριήρεϊ;
2132 795 2296 859 uter
2344 785 2587 860 verius
2640 786 2853 860 valde

565 913 1017 1009 ambiguum.
1125 912 1484 1008 templum
1534 913 1982 1009 Delphicum
2037 912 2389 1014 Προνηίης
2428 906 2846 1013 Ἀθηναίης,

568 1067 788 1137 quam
837 1049 1128 1136 postera
1175 1051 1372 1117 aeta-s
1421 1043 1721 1117 nomine
1780 1045 1874 1116 ad
1922 1042 2216 1117 laudem
2266 1044 2675 1138 sapientiae
2726 1045 2857 1117 de-

567 1172 759 1244 flexo
808 1169 1212 1265 appellavit
1261 1169 1627 1270 Πρόνοιαν,
1691 1182 2297 1248 commemoratur
2342 1174 2419 1245 A
2454 1174 2587 1260 92,
2653 1172 2855 1247 idem

570 1299 620 1368 θ
655 1301 773 1372 37.
810 1300 905 1374 39
946 1297 1287 1398 Προναίας
1323 1301 1794 1396 quinquiens.
1878 1298 2094 1399 Τεγέη
2135 1302 2376 1374 ionice
2412 1311 2492 1375 et
2523 1326 2745 1396 saepe
2781 1315 2859 1375 et

569 1437 984 1504 constanter
1018 1427 1481 1515 terminatur,
1533 1439 1612 1503 at
1645 1427 1938 1530 Τιθορέα
1975 1427 2027 1501 Θ
2071 1431 2165 1504 32
2219 1431 2554 1527 quamvis
2606 1431 2687 1504 in
2731 1457 2858 1505 ea-

570 1561 736 1632 dem
773 1559 1094 1653 positum
1126 1581 1362 1630 causa.
1435 1559 1665 1655 igitur
1693 1585 1788 1633 ne
1804 1555 2167 1658 Χαράδραν
2199 1557 2567 1655 quidem&
2588 1560 2683 1633 33
2722 1586 2861 1655 per

571 1714 647 1761 se
683 1685 1194 1781 improbabile,
1243 1688 1392 1761 nisi
1429 1685 1797 1788 Χαράδρην
1834 1697 1911 1761 et
1942 1688 2188 1783 ipsum
2224 1689 2601 1783 proditum
2637 1701 2855 1763 efflet.

571 1842 708 1890 nec
755 1817 990 1912 magis
1032 1824 1308 1890 certum
1349 1802 1366 1830 ³
1385 1815 1644 1916 Υδρέαν
1694 1814 1746 1888 Γ
1787 1819 1909 1905 59,
1962 1819 2159 1912 quod
2193 1819 2467 1891 eximie
2503 1819 2748 1892 effecit
2786 1821 2862 1892 R

573 1973 614 2019 e
649 1953 989 2040 corrupto
1028 1941 1304 2044 Θυρέαν,
1346 1969 1444 2018 an
1465 1933 1768 2045 ιΥδρέην
1799 1945 2310 2040 praestabilius
2347 1947 2468 2032 sit,
2519 1962 2668 2042 quo
2716 1951 2863 2021 du-

573 2101 734 2149 cere
779 2076 1068 2148 videtur
1117 2072 1336 2148 lectio
1373 2071 1660 2174 Θυρέην.
1760 2071 2089 2174 Καδμήια
2119 2075 2485 2173 γράμματα
2522 2072 2581 2146 E
2621 2079 2739 2158 59,
2786 2091 2868 2151 at

577 2201 889 2301 Καδμείη
927 2206 1076 2299 νίκη
1117 2205 1190 2274 A
1235 2203 1375 2277 166
1427 2203 1508 2275 in
1546 2194 1956 2298 proverbi0‚
2006 2203 2166 2297 ipsi·
2190 2200 2527 2298 Καδμεῖοι
2562 2207 2866 2280 sexiens

575 2334 735 2406 sine
784 2357 874 2406 ea
918 2333 1412 2408 excusatione.
1505 2335 1877 2431 ταριχηίων
1928 2333 2184 2427 scripsi
2230 2332 2294 2404 B
2348 2333 2437 2405 13
2486 2358 2618 2427 pro
2662 2359 2865 2434 ταρι-

574 2465 762 2559 χίων,
812 2469 899 2536 ut
933 2462 1223 2555 saepius
1258 2462 1775 2557 integrandum
1826 2458 1974 2533 fuit
2007 2464 2337 2560 στρατηίη
2391 2486 2524 2556 pro
2572 2440 2862 2561 σερατίη

573 2590 693 2669 vel
724 2594 1037 2691 στρατιήε
1094 2614 1232 2665 nec
1266 2615 1435 2665 vero
1471 2587 1830 2690 Ταριχείας
1855 2591 1919 2663 Β
1958 2590 2098 2665 113
2136 2591 2306 2665 ideo
2350 2592 2862 2687 suspitiosum.

575 2722 655 2794 in
691 2721 809 2794 dei
847 2719 1174 2816 Scythici
1208 2721 1508 2794 nomine
1546 2717 2023 2816 Θαγιμασάδας
2057 2716 2111 2789 Δ
2153 2721 2248 2793 59
2286 2722 2376 2794 de
2410 2722 2575 2815 ipsa
2608 2724 2868 2794 termi-

573 2851 873 2924 natione
933 2848 1155 2945 plane
1216 2857 1498 2923 constat
1514 2904 1534 2935 ‚
1598 2871 1819 2943 quam
1884 2846 2120 2921 Aldus
2194 2848 2275 2922 in
2352 2849 2480 2948 δης
2540 2852 2869 2923 mutavit

574 2988 872 3075 propter
896 2972 1427 3076 Ὀκταμασάδης
1481 2974 1535 3047 Δ
1573 2978 1693 3050 80.
1778 2965 2138 3070 Ἀλκμέων
2182 2964 2549 3071 Ἀμυθέων
2608 2976 2865 3051 Ποσει-

576 3109 747 3183 δέων
787 3133 937 3181 non
972 3109 1121 3182 iam
1157 3108 1384 3189 dubia
1417 3116 1612 3193 sunt,
1663 3130 1800 3178 nec
1834 3114 2079 3179 tamen
2130 3107 2211 3179 in
2247 3108 2558 3179 dubium
2591 3130 2867 3180 vocan-

576 3240 752 3311 dum
811 3233 1112 3311 Φιλάονα
1177 3233 1229 3307 Θ
1288 3237 1404 3308 11.
1531 3235 1778 3307 minus
1837 3237 2264 3330 repugnabo
2325 3233 2865 3329 appellativum

576 3365 805 3439 ὀπάων
859 3361 920 3439 Ε
973 3366 1108 3438 111
1171 3361 1754 3459 exaequantibus
1819 3388 1986 3436 cum
2044 3364 2083 3435 I
2124 3366 2219 3438 50
2270 3362 2596 3446 ὀπέωνες,
2666 3365 2707 3437 1
2759 3366 2855 3437 51

576 3493 900 3574 ὀπέωνας.
994 3491 1199 3575 Ευνός,
1242 3495 1440 3589 quod
1475 3493 1641 3588 quis
1677 3492 1956 3587 ubique
1993 3502 2388 3588 exspectet,
2439 3493 2552 3565 bis
2587 3492 2869 3590 legitur

576 3621 630 3697 Δ
675 3624 789 3697 12.
831 3618 896 3697 H
940 3622 1074 3695 53:
1132 3624 1312 3696 adeo
1349 3624 1568 3702 κοινός
1603 3619 1996 3717 praevalet.

778 3753 1330 3827 Demonstrasse
1395 3751 1732 3825 videmur
1793 3773 1945 3824 non
1992 3750 2211 3823 nimis
2271 3774 2349 3824 se
2398 3750 2864 3826 Herodotum

574 3881 1002 3957 astrinxisse
1065 3879 1227 3977 lege
1291 3905 1375 3954 ac
1437 3879 1868 3954 necessitate
1918 3880 2001 3951 in
2050 3880 2478 3991 nominibus
2534 3881 2867 3955 maxime

575 4012 888 4107 propriis
937 4035 1070 4106 pro
1113 4010 1642 4084 consuetudine
1693 4007 1986 4085 dialecti
2028 4006 2587 4081 conformandis.
2689 4021 2870 4083 sunt

573 4149 950 4236 praeterea
982 4164 1135 4213 non
1169 4140 1277 4213 ita
1311 4163 1547 4234 pauca
1564 4194 1583 4226 ‚
1639 4162 1827 4234 quae
1878 4136 2009 4213 ille
2053 4163 2220 4211 cum
2267 4136 2639 4233 duplicem
2672 4142 2863 4214 reci-—

574 4278 837 4365 petent
887 4270 1283 4343 flexionem
1342 4277 1471 4342 aut
1519 4265 1890 4362 duplicem
1954 4268 2203 4342 statim
2250 4269 2610 4343 haberent
2659 4269 2863 4362 posi-

576 4401 853 4473 tionem
874 4455 894 4486 ,
957 4408 1267 4494 utraque
1329 4395 1536 4472 nullo
1602 4397 2022 4470 discrimine
2078 4397 2191 4469 uti
2249 4421 2400 4470 non
2460 4397 2855 4471 dubitavit.

576 4529 781 4603 cuius
817 4529 1104 4624 generis
1141 4536 1427 4622 praeter
1460 4537 1700 4601 cetera
1734 4536 1844 4600 est
1877 4526 2166 4622 insigne
2203 4523 2624 4621 exemplum
2654 4528 2723 4597 A
2758 4528 2855 4601 82
