3059 5125
1096 347 1502 410 -Α-
2359 347 2441 407 47

174 519 346 593 οὕτω
393 521 430 592 ὁ
467 507 686 602 Ἅλυς
732 525 1040 616 ποταμὸς
1089 519 1463 616 ἀποτάμνει
1508 523 1749 631 σχεδὸν
1784 521 2003 594 πάντα
2040 529 2165 621 τῆς
2193 512 2446 615 Ἀσίης

171 638 252 711 τὰ
297 640 481 712 κάτω
531 639 607 711 ἐκ
650 638 1009 740 θαλάσσης
1063 649 1187 741 τῆς
1233 638 1458 714 ἀντίον
1511 639 1793 741 Κύπρου
1848 641 1918 722 ἐς
1964 644 2078 712 τὸν
2129 636 2442 734 Εὔξεινον

169 761 432 831 πόντον.
541 757 684 832 ἔστι
741 758 817 831 δὲ
865 760 1087 858 αὐχὴν
1139 760 1334 841 οὗτος
1380 770 1506 862 τῆς
1556 765 1794 859 χώρης
1839 761 2092 858 ταύτης
2127 756 2438 855 ἀπάσης·
2568 753 2579 766 ’

171 886 379 978 μῆκος
407 878 568 950 ὁδοῦ
595 879 876 975 εὐζώνῳ
909 878 1100 978 ἀνδρὶ
1125 880 1326 953 πέντε
1352 882 1606 980 ἡμέραι
1635 878 2158 972 ἀναισιμοῦνται.
2199 876 2436 974 ἐστρα-
2462 873 2546 935 73

110 1013 138 1061 5
169 999 392 1070 τεύετο
431 995 508 1069 δὲ
543 997 579 1068 ὁ
619 994 917 1096 Κροῖσος
954 999 1063 1071 ἐπὶ
1098 1002 1220 1098 τὴν
1261 997 1756 1097 Καππαδοκίην
1792 999 2004 1071 τῶνδε
2041 996 2277 1072 εἵνεκα.
2334 996 2446 1065 καὶ

169 1126 290 1216 γῆς
326 1117 543 1215 ἱμέρῳ
579 1118 1137 1214 προσκτήσασθαι
1185 1122 1354 1216 πρὸς
1405 1123 1529 1218 τὴν
1587 1119 1843 1192 ἑωυτοῦ
1905 1120 2142 1217 μοῖραν
2197 1113 2444 1215 βουλό-

170 1262 403 1331 μενος,
475 1239 583 1307 καὶ
624 1235 908 1328 μάλιστα
944 1240 1045 1334 τῷ
1070 1244 1473 1337 χρηστηρίῳ
1507 1242 1783 1319 πίσυνος
1819 1238 1951 1310 ἐὼν
1988 1240 2097 1309 καὶ
2131 1232 2446 1307 τίσασθαι

165 1355 381 1428 θέλων
419 1352 588 1452 ὑπὲρ
612 1348 1022 1452 Ἀστυάγεος
1047 1353 1294 1454 Κῦρον.
1341 1348 1724 1455 Ἀστυάγεα
1757 1356 1882 1454 γὰρ
1913 1359 2024 1428 τὸν
2047 1351 2441 1450 Κυαξάρεω,

167 1474 362 1547 ἐόντα
415 1471 718 1572 Κροίσου
774 1471 895 1566 μὲν
949 1474 1251 1577 γαμβρὸν
1298 1472 1565 1574 Μήδων
1617 1474 1693 1548 δὲ
1744 1475 2063 1576 βασιλέα,
2129 1471 2356 1570 Κῦρος
2410 1470 2445 1539 ὁ

77 1604 134 1655 ¹⁰
169 1591 565 1696 Καμβύσεω
602 1595 1234 1692 καταστρεψάμενος
1270 1593 1432 1692 εἶχε,
1487 1599 1845 1693 γενόμενον
1884 1593 2187 1694 γαμβρὸν
2235 1587 2447 1688 Κροί-

165 1742 262 1811 σῳ
318 1713 482 1785 ὦδε.
596 1710 915 1783 Σκυθέων
967 1721 1100 1785 τῶν
1153 1713 1468 1807 νομάδων
1516 1714 1669 1813 εἴλη
1730 1712 1989 1812 ἀνδρῶν
2030 1709 2447 1784 στασιάσασα

167 1832 505 1932 ὑπεξῆλθε
564 1831 635 1912 ἐς
682 1840 809 1930 γῆν
859 1835 982 1931 τὴν
1033 1828 1388 1932 Μηδικήν·
1456 1834 1847 1933 ἐτυράννευε
1904 1831 1979 1905 δὲ
2029 1835 2141 1904 τὸν
2201 1832 2444 1928 χρόνον

163 1957 393 2023 τοῦτον
435 1945 707 2048 Μήδων
751 1947 1119 2051 Κυαξάρης
1154 1953 1190 2023 ὁ
1227 1949 1595 2052 Φραόρτεω
1633 1959 1751 2025 τοῦ
1789 1951 2117 2051 Δηιόκεω,
2174 1951 2249 2031 ὃς
2290 1950 2449 2029 τοὺς

162 2069 430 2151 Σκύθας
467 2071 747 2151 τούτους
777 2071 851 2139 τὸ
888 2068 1005 2164 μὲν
1041 2078 1305 2169 πρῶτον
1336 2077 1638 2172 περιεῖπε
1675 2073 1751 2145 εὖ
1788 2075 1883 2153 ὡς
1919 2071 2154 2151 ἐόντας
2192 2069 2444 2148 ἱκέτας·

75 2199 130 2249 15
165 2192 335 2262 ὥστε
373 2189 451 2261 δὲ
489 2191 648 2287 περὶ
682 2188 942 2261 πολλοῦ
978 2195 1379 2285 ποιεόμενος
1428 2192 1706 2275 αὐτούς,
1766 2176 2024 2272 παῖδάς
2068 2215 2186 2286 σφι
2233 2187 2447 2285 παρέ-

162 2311 335 2381 δωκε
373 2311 506 2406 τὴν
548 2307 862 2404 γλῶσσάν
899 2333 973 2381 τε
1024 2308 1343 2404 ἐκμαθεῖν
1406 2314 1513 2383 καὶ
1570 2314 1691 2410 τὴν
1751 2311 1998 2408 τέχνην
2035 2317 2171 2381 τῶν
2209 2307 2442 2387 τόξων.

157 2430 408 2527 χρόνου
446 2425 529 2499 δὲ
568 2428 960 2524 γενομένου,
1019 2430 1127 2500 καὶ
1165 2430 1297 2501 αἰεὶ
1334 2431 1739 2527 φοιτεόντων
1782 2436 1917 2499 τῶν
1956 2427 2274 2500 Σκυθέων
2330 2416 2436 2498 ἐπ’

161 2545 375 2645 ἄγρην
418 2549 535 2619 καὶ
570 2547 697 2618 αἰεί
732 2572 794 2619 τι
833 2548 1207 2646 φερόντων,
1267 2553 1376 2621 καί
1428 2575 1581 2623 κοτε
1632 2552 1973 2647 συνήνεικε
2024 2547 2198 2621 ἑλεῖν
2237 2571 2449 2643 σφεας

162 2667 373 2763 μηδέν
402 2691 418 2704 ·
484 2670 948 2764 νοστήσαντας
1004 2664 1077 2737 δὲ
1132 2665 1378 2749 αὐτοὺς
1428 2672 1684 2765 κεινῇσι
1738 2671 1935 2765 χερσὶ
1993 2670 2028 2739 ὁ
2081 2664 2449 2765 Κυαξάρης

57 2794 124 2848 ²⁰
160 2786 264 2884 (ἧν
303 2784 455 2885 γάρ,
524 2787 623 2867 ὡς
663 2784 928 2867 διέδεξε,
988 2785 1196 2886 ὀργὴν
1236 2785 1462 2887 ἄκρος)
1500 2786 1818 2886 τρηχέως
1866 2788 2079 2885 κάρτα
2126 2784 2449 2885 περιέσπε

159 2902 445 3002 ἀεικείῃ.
524 2906 589 2975 οἱ
626 2902 702 2975 δὲ
734 2910 945 2976 ταῦτα
980 2909 1152 3004 πρὸς
1191 2902 1564 3006 Κυαξάρεω
1599 2906 1953 2989 παθόντες,
1998 2907 2174 2979 ὥστε
2210 2901 2450 2984 ἀνάξια

158 3024 384 3120 σφέων
425 3023 658 3095 αὐτῶν
695 3022 1125 3107 πεπονθότες,
1171 3023 1579 3125 ἐβούλευσαν
1633 3032 1766 3096 τῶν
1814 3020 1996 3123 παρᾶ
2032 3029 2222 3121 σφίσι
2259 3023 2446 3094 διδα-

160 3146 511 3236 σκομένων
544 3140 811 3213 παίδων
841 3140 961 3213 ἕνα
990 3144 1384 3239 κατακόψαι,
1415 3143 1852 3224 σκευάσαντες
1881 3142 1956 3215 δὲ
1987 3142 2187 3215 αὐτὸν
2219 3144 2447 3239 ὥσπερ

161 3260 464 3334 ἐώθεσαν
518 3262 627 3331 καὶ
677 3259 760 3331 τὰ
808 3259 1021 3359 θηρία
1070 3246 1450 3346 σκευάζειν,
1504 3259 1826 3361 Κυαξάρῃ
1867 3263 2096 3335 δοῦναι
2132 3260 2451 3360 φέροντες

473 3513 553 3567 ὅτι
579 3507 866 3585 Ἀστυάγης
889 3514 1116 3586 γαμβρὸς
1139 3512 1205 3583 ἧν
1231 3511 1456 3586 Κροίσου
1666 3513 1816 3584 ζαίτία
1849 3520 1946 3586 τῆς
1979 3508 2287 3586 Ἀστυάγους
2324 3514 2448 3585 πρὸς

360 3575 656 3653 Ἀλυάττην
681 3582 952 3653 ἐπιγαμίας
979 3606 985 3611 ·
1622 3622 1625 3623 ⁷

363 3842 415 3892 4.
457 3837 657 3902 Λέξεις.
695 3868 766 3878 -
805 3841 884 3891 11.
925 3837 1102 3902 Λέξεις

260 4011 307 4062 1.
350 4008 524 4069 οὕτως
548 4011 648 4064 led
691 4012 714 4076 ΙΙ
763 4009 889 4069 ἅλυς
915 4012 954 4064 d
997 4013 1019 4077 ΙΙ
1065 4011 1343 4080 ἀποτέμνει
1366 4013 1429 4069 dz
1476 4014 1498 4077 ΙΙ
1547 4012 1596 4064 3.
1627 4012 1830 4083 ἁπάσης
1848 4010 2039 4083 ταύτης
2065 4013 2104 4066 d
2145 4014 2168 4077 ΙΙ
2217 4012 2266 4063 5.
2298 4007 2446 4062 ἕνεκα

165 4078 218 4141 C,
259 4077 478 4131 εἵναεε
548 4083 572 4145 ΙΙ
643 4081 695 4131 6.
735 4085 834 4151 γῆν
860 4077 1125 4148 ἐπιθυμῶν
1154 4079 1398 4151 ἱμέρωΙί
1466 4083 1490 4146 ΙΙ
1563 4098 1630 4151 μο
1772 4100 1799 4134 z
1868 4084 1891 4147 ΙΙ
1964 4084 2011 4133 7.
2051 4080 2129 4143 τῷ
2160 4095 2269 4132 om.
2311 4078 2370 4131 R
2431 4078 2447 4123 Ἰ

157 4148 203 4198 8.
242 4145 443 4201 ἐθέλων
468 4166 500 4201 z
545 4150 568 4213 ΙΙ
614 4147 857 4219 κύρονΙί
916 4151 938 4213 ΙΙ
996 4150 1044 4200 9.
1088 4148 1360 4220 βασιλῆαε
1415 4152 1438 4215 ΙΙ
1496 4148 1652 4219 κύρος
1828 4152 1851 4216 n
1916 4151 1997 4201 11.
2039 4149 2270 4217 ὧδε-Ρ.
2295 4148 2382 4211 49,
2413 4148 2440 4195 7

159 4217 568 4355 ῗέῖραέζιῖαῗέεέ
583 4303 610 4338 2
637 4219 705 4350 1111
733 4215 1087 4356 ‘ggffiie
1110 4218 1204 4352 zu!
1276 4216 1759 4359 ΙάφέθΞΖέἾΙράῖθῗε
1770 4220 1945 4361 gesaget
1960 4218 2041 4339 ¹25·
2061 4215 2241 4351 ΙΙπαῖἳδΟα.
2263 4214 2446 4345 {eximi}

159 4353 198 4404 d
255 4356 280 4419 ΙΙ
349 4354 518 4424 ἄκρος
543 4354 605 4407 d:
633 4354 732 4406 οὐκ
754 4352 909 4425 ἄκρος
979 4357 1002 4421 ΙΙ
1071 4356 1154 4408 21.
1219 4355 1365 4419 νάξιά
1391 4373 1559 4428 σφεων
1585 4355 1820 4410 ἑωυτέων
1845 4354 2172 4419 πεπονθότες,
2201 4352 2445 4423 ἐβουλεύ-

160 4435 302 4474 σαντο
325 4442 354 4475 z
407 4425 431 4488 ΙΙ
490 4423 579 4475 22.
605 4424 732 4488 τῶν]
758 4424 846 4475 τὸν
868 4424 907 4477 d
960 4426 983 4489 ΙΙ
1042 4426 1126 4476 24.
1166 4423 1410 4479 εἰώθεσαν
1442 4425 1523 4480 od
1571 4426 1594 4490 ΙΙ
1645 4425 1874 4498 κυαξάρη
1900 4425 1996 4490 B‘,
2024 4422 2441 4495 κυαξάρειΑΒῙ,

159 4490 393 4562 κυαξάρεῖ
417 4491 589 4546 ceteri
647 4493 674 4557 ss
733 4491 963 4563 φέροντες
987 4492 1064 4546 1²2
1092 4492 1336 4565 φέροντας
