3059 5125
1118 315 1500 381 —1—
2321 320 2444 384 371

160 483 324 566 ὀξέα
370 489 522 585 περὶ
571 494 691 560 τοῦ
742 494 978 587 νεκροῦ
1035 493 1306 586 γίνεται.
1403 488 1540 572 ἕως
1582 489 1705 585 μέν
1744 516 1859 563 νυν
1900 495 2133 586 μοῦνοι
2168 492 2343 591 ἦσαν
2384 493 2448 566 οἱ

162 608 570 703 τριηκόσιοι,
632 606 947 680 ἑσσοῦντό
997 633 1070 680 τε
1126 607 1380 680 πολλὸν
1430 612 1542 680 καὶ
1591 611 1704 681 τὸν
1761 612 1991 708 νεκρὸν
2043 605 2442 684 ἀπέλειπον·

163 727 261 804 ὡς
297 724 376 795 δέ
412 751 530 822 σφι
565 728 641 796 τὸ
675 725 942 826 πλῆθος
976 725 1440 827 ἐπεβοήθησε,
1480 726 1659 800 οὕτω
1697 727 1783 826 δὴ
1822 727 2043 801 οὐκέτι
2075 731 2137 801 οἰ
2177 730 2447 803 ἱππόται

164 843 498 937 ὑπέμενον
564 842 724 916 ούδέ
782 870 899 941 σφι
968 845 1300 942 ἐξεγένετο
1355 848 1468 917 τὸν
1527 850 1758 947 νεκρὸν
1817 846 2212 937 ἀνελέσθαι,
2269 845 2449 921 ἀλλὰ

97 978 130 1026 5
162 967 334 1061 πρὸς
371 961 602 1059 ἐκείνῳ
639 960 882 1044 ἄλλους
913 964 1452 1063 προσαπώλεσαν
1490 973 1626 1037 τῶν
1668 965 1946 1039 ίππέων.
2014 963 2447 1064 ἀποστήσαν-

162 1107 272 1162 τες
305 1080 403 1151 ὧν
443 1081 598 1154 ὅσον
635 1106 704 1152 τε
744 1082 863 1153 δύο
902 1082 1139 1156 στάδια
1166 1083 1606 1184 ἐβουλεύοντο
1636 1085 1676 1155 ὅ
1700 1110 1762 1157 τι
1790 1088 1991 1184 χρεὸν
2024 1087 2127 1183 εἴη
2155 1084 2441 1158 ποιέειν·

164 1199 396 1272 ἐδόκεε
447 1198 523 1270 δέ
564 1224 681 1295 σφι
719 1197 1054 1299 ἀναρχίης
1088 1201 1338 1301 ἐούσης
1375 1200 1770 1275 ἀπελαύνειν
1815 1202 2000 1303 παρὰ
2035 1200 2441 1303 Μαρδόνιον.

164 1316 588 1416 ἀπικομένης
649 1317 726 1390 δὲ
770 1327 893 1418 τῆς
946 1317 1148 1393 ἵππου
1199 1319 1270 1402 ἐς
1315 1325 1390 1393 τὸ
1431 1322 1878 1419 στρατόπεδον
1921 1322 2170 1403 πένθος
2204 1322 2445 1422 ἐποιή-
2480 1331 2561 1393 24

166 1463 368 1509 σαντο
407 1432 783 1510 Μασιστίου
817 1437 1005 1511 πᾶσά
1039 1463 1112 1511 τε
1146 1441 1193 1537 ἡ
1228 1442 1506 1538 στρατιὴ
1548 1443 1656 1511 καὶ
1684 1434 2071 1539 Μαρδόνιος
2109 1441 2444 1537 μέγιστον,

75 1568 132 1618 ¹⁰
168 1556 381 1652 σφέας
417 1582 493 1629 τε
529 1554 774 1637 αὐτοὺς
809 1560 1136 1655 κείροντες
1185 1559 1293 1629 καὶ
1345 1558 1499 1639 τοὺς
1559 1556 1798 1641 ἵππους
1853 1562 1964 1632 καὶ
1997 1559 2082 1632 τὰ
2120 1558 2448 1657 ὑποζύγια

166 1675 437 1773 οἰμωγῇ
484 1699 558 1747 τε
613 1679 993 1774 χρεώμενοι
1044 1673 1351 1773 ἀπλέτῳ·
1432 1675 1698 1750 ἅπασαν
1756 1676 1884 1777 γὰρ
1930 1682 2051 1778 τὴν
2103 1674 2445 1778 Βοιωτίην

167 1797 435 1891 κατεῖχε
483 1795 643 1892 ἠχὼ
698 1796 793 1875 ὡς
831 1792 1070 1893 ἀνδρὸς
1118 1791 1543 1888 ἀπολομένου
1589 1794 1758 1889 μετά
1792 1821 1868 1893 γε
1904 1791 2288 1896 Μαρδόνιον
2326 1796 2441 1868 λο-

164 1912 546 2008 γιμωτάτου
593 1912 780 2011 παρά
830 1938 902 1985 τε
942 1909 1251 2051 Πέρσῃσι
1304 1915 1413 1983 καὶ
1461 1913 1745 2014 βασιλέι.
1835 1915 1897 1986 οἱ
1951 1915 2070 2010 μέν
2120 1941 2234 1987 νυν
2276 1915 2446 2016 βάρ-
2482 1923 2563 1983 25

169 2031 360 2131 βαροι
415 2032 645 2129 τρόπῳ
709 2033 812 2129 τῷ
872 2029 1179 2131 σφετέρῳ
1241 2028 1673 2104 ἀποθανόντα
1726 2032 1970 2128 ἐτίμων
2032 2029 2447 2107 Μασίστιον·

81 2163 135 2212 15
170 2152 228 2221 οί
259 2148 334 2220 δὲ
371 2135 724 2248 Ἕλληνες
772 2152 869 2230 ὡς
919 2152 1043 2248 τὴν
1104 2177 1301 2223 ιππον
1363 2150 1670 2230 ἐδέξαντο
1729 2137 2286 2253 προσβάλλουσαν
2339 2154 2450 2224 καὶ

170 2266 236 2339 δε
241 2267 515 2363 ἓάμενοι
553 2270 853 2357 ὤσαντο
908 2267 1294 2368 ἐθάρσησάν
1347 2294 1420 2342 τε
1467 2269 1706 2367 πολλῷ
1768 2269 2026 2364 μᾶλλον
2066 2272 2177 2342 καὶ
2211 2277 2451 2368 πρῶτα

171 2384 286 2481 μὲν
324 2387 396 2468 ἐς
436 2385 693 2481 ἅμαξαν
727 2386 1041 2468 ἐσθέντες
1092 2389 1201 2458 τὸν
1240 2389 1471 2486 νεκρὸν
1509 2341 1698 2487 παρά
1731 2385 1849 2468 τὰς
1884 2387 2065 2469 τάξις
2099 2387 2446 2484 ἐκόμιζον·

170 2506 203 2576 ὁ
244 2505 318 2578 δὲ
351 2508 590 2604 νεκρὸς
625 2507 710 2605 ἧν
750 2505 922 2606 θέης
959 2504 1141 2588 ἄξιος
1178 2505 1508 2603 μεγάθεος
1547 2503 1764 2580 εἵνεκα
1801 2508 1910 2579 καὶ
1947 2506 2250 2588 κάλλεος.
2316 2514 2450 2579 τῶν

172 2623 242 2695 δέ
282 2623 507 2697 εἵνεκα
559 2628 667 2697 καὶ
703 2631 912 2699 ταῦτα
949 2625 1249 2698 ἐποίευν·
1318 2624 1740 2707 ἐκλείποντες
1775 2624 1894 2706 τὰς
1929 2625 2111 2707 τάξις
2146 2626 2446 2723 ἐφοίτεον

83 2757 140 2808 20
173 2743 579 2841 θεησόμενοι
616 2738 1009 2817 Μασίστιον.
1101 2741 1269 2837 μετὰ
1321 2743 1396 2816 δὲ
1447 2742 1635 2822 ἔδοξέ
1687 2770 1806 2841 σερι
1854 2743 2344 2846 ἐπικαταβῆναι
2382 2744 2452 2824 ἐς

175 2859 554 2943 Πλαταιάς·
630 2862 666 2932 ὁ
703 2861 829 2961 γὰρ
866 2870 1094 2960 χῶρος
1131 2861 1443 2957 ἐφαίνετο
1480 2861 1725 2959 πολλῷ
1771 2861 1901 2934 ἐὼν
1942 2861 2453 2960 ἐπιτηδεότερός

172 3005 283 3075 σφι
318 2978 1051 3078 ἐνστρατοπεδεύεσθαι
1097 2980 1132 3050 ὁ
1173 2978 1578 3061 Πλαταιικὸς
1630 2985 1749 3051 τοῦ
1778 2974 2191 3079 Ἐρυθραίου
2245 2980 2329 3051 τά
2378 3005 2449 3051 τε

174 3097 336 3169 ἄλλα
372 3100 487 3169 καὶ
523 3098 972 3197 εὐυδρότερος.
1070 3097 1140 3178 ἐς
1176 3103 1412 3170 τοῦτον
1464 3099 1550 3195 δὴ
1599 3100 1710 3168 τὸν
1761 3106 1986 3196 χῶρον
2033 3100 2141 3169 καὶ
2178 3097 2288 3170 ἐπὶ
2323 3101 2445 3195 τὴν

176 3219 423 3315 κρήνην
463 3218 586 3313 τὴν
626 3215 1022 3315 Γαργαφίην
1074 3219 1198 3315 τὴν
1240 3215 1310 3288 ἐν
1349 3219 1451 3312 τῷ
1474 3221 1684 3315 χώρῳ
1719 3218 1937 3312 τούτῳ
1974 3217 2218 3289 ἐοῦσαν
2259 3214 2450 3297 ἔδοξέ

89 3350 144 3399 25
178 3357 287 3430 σφι
332 3338 536 3434 χρεὸν
600 3334 769 3407 εἶναι
831 3332 1190 3408 ἀπικέσθαι
1253 3337 1362 3406 καὶ
1424 3333 1908 3431 διαταχθέντας
1959 3334 2447 3433 στρατοπεδεύ-

537 3573 640 3642 οπή
676 3578 778 3624 τῶν
848 3571 1085 3641 αρβαρων
1121 3571 1210 3624 καὶ
1248 3570 1435 3629 πένθος
1461 3570 1546 3622 ἐπὶ
1571 3566 1837 3642 Μασιστίῳ
2046 3565 2309 3641 Ἑλλήνων
2335 3569 2451 3623 ἐπι-

369 3588 702 3709 κατάβασις
671 3640 743 3699 είς
769 3570 1025 3693 Πῗάταιάν

378 3829 458 3880 18.
502 3827 586 3882 ὁ-
609 3827 828 3888 κάλλεος
854 3826 1178 3881 Eustathius
1208 3827 1274 3882 11.
1306 3844 1358 3897 p.
1391 3829 1490 3879 626

279 3964 323 4016 1.
362 3963 502 4025 ὀξεῖα
538 3964 589 4018 L
646 3967 667 4032 ΙΙ
727 3964 916 4019 ἐίνετο
940 3964 997 4018 R
1053 3966 1076 4030 ΙΙ
1138 3964 1256 4017 ἔσαν
1282 3983 1310 4019 2
1378 3966 1400 4029 ΙΙ
1470 3966 1519 4018 2.
1561 3963 1809 4018 ἀπέλιπον
1833 3982 1860 4018 z
1918 3966 1941 4029 ΙΙ
1999 3965 2049 4016 4.
2091 3963 2388 4032 ἐπέμενον-

181 4031 229 4080 5.
264 4032 641 4117 προσαπόλεσαν
668 4035 724 4088 R
783 4037 793 4099 1
843 4036 891 4086 6.
931 4033 1082 4105 χρεὸν
1108 4033 1307 4087 ABR.
1345 4036 1512 4105 χρεὼν
1561 4035 1583 4098 11
1645 4033 1746 4086 ἐστι
1771 4035 1800 4087 b
1859 4034 1881 4097 ΙΙ
1941 4033 1988 4083 8.
2031 4030 2305 4085 ἐποιτσατο
2332 4032 2389 4087 R

189 4100 259 4151 11.
295 4102 644 4225 ἒρεόὲιενοιΡ
685 4105 706 4168 11
761 4104 838 4155 12.
881 4119 1071 4173 γ.εοω
1104 4102 1161 4155 R
1207 4103 1229 4166 ΙΙ
1279 4102 1360 4154 13.
1400 4119 1589 4155 τεοῐιι.
1622 4103 1651 4155 b
1699 4103 1721 4165 ΙΙ
1770 4099 2103 4186 βασιλεῖ-ΑΒ
2162 4068 2183 4164 n
2237 4102 2313 4151 14.
2347 4099 2453 4153 ἐτί-

183 4185 358 4291 3²52.
333 4170 639 4308 οε3ἳὲ0οι,
655 4122 917 4299 ²223..ssss
942 4189 1052 4304 »00ῆο
1056 4168 1457 4374 ffizssffsszffnfl
1471 4172 1588 4291 ..13
1605 4100 1800 4299 030οἑοβ
1823 4167 2079 4304 000..ἦο80
2096 4186 2185 4289 05
2207 4185 2313 4302 ἓοοη·
2345 4169 2402 4224 R
2435 4168 2455 4237 '¹

183 4260 402 4371 γάθεός
377 4327 431 4362 τε
453 4313 482 4361 2
539 4310 562 4373 11
622 4307 779 4361 τῶνδε
805 4308 975 4362 εἵνεκα
997 4325 1023 4359 z
1146 4309 1224 4359 19.
1269 4306 1465 4361 ἐποίεον
1492 4308 1549 4362 P
1684 4310 1706 4372 ΙΙ
1772 4306 2062 4364 ἐκλιπόντες
2086 4235 2244 4371 {all
2290 4254 2453 4365 trigae

189 4372 310 4428 1300
355 4379 377 4441 ΙΙ
423 4375 651 4449 ἐφοίτεον
678 4378 765 4431 R:
813 4378 900 4430 καὶ
925 4311 1143 4488 ἑξοίτιων
1168 4394 1219 4440 z,
1270 4376 1413 4447 ἐφοίτ
1395 4396 1486 4496 ων
1511 4375 1679 4429 ceteri
1741 4377 1765 4443 ss
1826 4376 1910 4428 21.
1950 4373 2083 4427 πλατ
2085 4373 2197 4432 αίας
2222 4372 2391 4430 ABR
2434 4372 2459 4442 ss

186 4438 548 4515 ἐπιτηδεότερός
573 4445 769 4500 ABR:
807 4446 955 4516 ὶπιτη
973 4445 1204 4515 εώτερός
1252 4447 1274 4509 ΙΙ
1323 4447 1406 4496 22.
1470 4443 1729 4504 Mami-seb:
1756 4445 1869 4498 AB
1914 4447 1936 4509 ΙΙ
1985 4444 2068 4495 25.
2107 4445 2274 4514 χρεὼν
2302 4441 2410 4496 Pr..

1921 4528 2033 4580 24*
