3059 5125
587 343 680 390 xx
1602 322 1893 379 Praefatio.

589 503 672 574 in
707 503 849 573 hoo
884 499 1111 574 fuerit
1149 526 1369 595 quam
1407 502 1484 572 in
1515 501 1775 574 ceteris
1802 498 2267 575 librariorum
2296 525 2493 585 cura,
2531 501 2658 572 sed
2696 500 2862 594 quia

592 629 805 703 solito
868 629 1162 727 plenius
1225 639 1301 702 et
1361 627 1659 724 planius
1724 631 2205 703 demonstrari
2264 638 2535 725 potest,
2599 630 2861 724 quibus

592 761 912 832 maxime
950 761 1186 831 causis
1223 768 1446 854 atque
1483 761 1663 832 adeo
1698 760 2046 855 gradibus
2084 761 2175 833 ad
2208 760 2404 832 hano
2441 759 2859 831 varietatem

590 891 987 962 deventum
1058 890 1173 961 sit.
1317 914 1454 961 nee
1523 888 1746 960 latuit
1813 890 1986 962 inde
2064 914 2110 960 a
2167 887 2662 984 Wesselingio
2725 888 2862 960 duo

589 1018 892 1091 omnino
942 1043 1098 1091 esse
1150 1019 1482 1091 codicum
1526 1042 1820 1112 genera,
1874 1042 2105 1090 unum
2157 1018 2356 1113 quod
2388 1016 2658 1090 ABGd
2699 1042 2861 1089 con-

587 1149 905 1221 tinetur:
949 1189 1040 1200 —
1096 1172 1270 1220 nam
1308 1147 1438 1242 'qui
1491 1173 1535 1218 a
1583 1146 1793 1219 nobis
1829 1145 2054 1219 ABG
2094 1147 2487 1242 significati
2538 1155 2744 1232 sunt,
2787 1146 2857 1216 in

589 1303 676 1349 eo
707 1287 1090 1373 apparatU,
1122 1301 1343 1372 quem
1373 1274 1830 1348 Gaisfordius
1858 1302 1898 1349 e
1926 1276 2155 1371 copiis
2183 1277 2641 1370 superiorum
2674 1301 2860 1347 com-

587 1407 856 1500 posuit,
875 1406 974 1477 M
974 1406 1126 1478 PF
1145 1405 1413 1477 litteris
1438 1414 1813 1493 notantur,
1828 1404 2075 1477 locum
2103 1416 2351 1477 autem
2364 1405 2857 1478 parisinorum

590 1537 785 1632 apud
821 1533 1033 1607 illum
1080 1534 1170 1606 bd
1217 1535 1313 1629 (n.
1365 1535 1581 1606 1634.
1625 1533 1851 1630 2933)
1904 1534 2053 1606 iam
2098 1533 2570 1607 Florentinus
2621 1544 2860 1606 noster

585 1663 637 1736 d
690 1665 1111 1759 integritate
1175 1662 1320 1735 illis
1388 1663 1629 1758 potior
1693 1664 2112 1757 occupavit:
2166 1706 2256 1716 —
2322 1663 2634 1737 alterum
2699 1689 2858 1737 vero

585 1819 821 1891 genus
859 1795 960 1881 id,
1014 1793 1221 1866 cuius
1258 1792 1709 1887 exemplaria
1757 1817 1958 1864 nunc
2008 1794 2290 1888 optima
2325 1817 2482 1867 esse
2521 1794 2859 1888 apparuit

586 1932 661 1996 et
710 1923 804 2008 P,
852 1924 979 2018 qui
1025 1932 1136 1995 est
1174 1919 1573 1994 Gaisfordii
1625 1947 1691 2004 a,
1747 1931 1822 1995 et
1859 1922 1953 2004 R,
2009 1923 2218 1994 euius
2264 1924 2501 1995 vicem
2552 1925 2858 1995 antehac

582 2050 1135 2125 Sancroftianus
1187 2075 1226 2124 s
1290 2076 1375 2122 ac
1424 2052 2019 2124 Vindobonensis
2069 2076 2111 2123 υ
2183 2052 2670 2125 obtinuerunt
2731 2050 2858 2123 ali-

583 2189 860 2276 quanto
910 2181 1322 2253 deteriores.
1450 2181 1541 2251 de
1603 2205 1955 2275 generum
2014 2180 2241 2276 igitur
2306 2181 2662 2254 divisione
2724 2181 2857 2253 etsi

584 2310 882 2382 omnino
934 2320 1129 2382 reete
1183 2311 1667 2395 statuebatur,
1718 2308 2117 2405 plurimum
2165 2320 2413 2382 tamen
2463 2287 2855 2384 dubitatio-

581 2442 699 2512 nis
762 2439 1169 2535 errorisque
1239 2441 1676 2511 nascebatur
1742 2439 1915 2511 inde
1989 2441 2180 2535 quod
2251 2437 2420 2511 libri
2489 2439 2852 2512 interdum

581 2572 802 2645 fidem
841 2579 1309 2657 commutare,
1356 2569 1630 2665 quique
1668 2567 2102 2664 plerumque
2138 2569 2313 2642 socii
2346 2570 2539 2644 inter
2573 2595 2650 2643 se
2687 2596 2855 2642 oon-

580 2701 977 2795 oordesque
1014 2723 1169 2772 esse
1206 2697 1549 2786 solerent,
1600 2700 1804 2771 haud
1851 2724 2013 2771 raro
2050 2700 2285 2773 eidem
2334 2700 2738 2773 discordare
2774 2726 2854 2771 ac

579 2829 867 2902 diversa
896 2829 1102 2923 sequi
1131 2828 1340 2925 signa
1365 2828 1824 2903 videbantur.
1867 2839 1942 2901 et
1969 2830 2168 2902 vides
2196 2827 2522 2924 profecto
2549 2828 2852 2926 singulis

578 2983 813 3053 paene
863 2956 1150 3054 paginis
1202 2982 1400 3029 nunc
1449 2957 1719 3029 ABCd
1764 2983 1931 3029 oum
1975 2957 2139 3042 PR,
2193 2982 2410 3053 saepe
2455 2956 2645 3033 CPd
2688 2985 2850 3031 cum

576 3086 824 3174 ABR,
873 3087 1293 3181 saepissime
1345 3111 1517 3159 vero
1569 3111 1802 3159 unum
1852 3087 1927 3158 R
1978 3113 2143 3159 cum
2196 3087 2453 3176 ceteris
2513 3089 2848 3161 omnibus

576 3217 1007 3311 discrepare.
1081 3240 1269 3311 quae
1307 3240 1419 3289 res
1457 3241 1626 3288 eum
1663 3240 1792 3310 per
1828 3241 1903 3289 se
1941 3217 2124 3289 mira
2159 3227 2348 3290 esset
2385 3215 2848 3316 difficilisque

573 3343 972 3440 explicatu,
1013 3344 1442 3439 praesertim
1478 3369 1648 3417 cum
1684 3369 1779 3418 ne
1816 3354 2183 3419 constaret
2218 3347 2515 3442 quidem
2552 3349 2723 3419 satis
2760 3349 2847 3420 de

573 3474 1029 3569 singulorum
1064 3483 1356 3569 praeter
1403 3475 1589 3547 duos
1631 3475 1730 3547 C's
1778 3477 2148 3559 memoria,
2206 3486 2365 3549 tum
2416 3500 2589 3550 vero
2635 3502 2845 3550 omne

573 3605 663 3676 de
700 3603 1057 3698 dignitate
1107 3603 1463 3699 cuiusque
1501 3628 1588 3676 ac
1623 3606 1948 3698 pondere
1984 3605 2336 3678 iudicium
2373 3609 2846 3700 perturbabat

573 3742 796 3827 atque
848 3734 1029 3805 adeo
1079 3733 1550 3827 impediebat,
1602 3756 1739 3807 nec
1792 3734 2040 3807 extitit
2077 3736 2320 3809 adhue
2356 3735 2485 3829 qui
2543 3761 2846 3832 appara-

570 3872 690 3933 tus
743 3858 1238 3934 Gaisfordiani
1301 3862 1790 3957 promiscuam
1848 3874 1925 3936 et
1982 3861 2361 3937 confusam
2424 3866 2839 3945 varietatem

565 3989 970 4063 illustraret
1019 3999 1095 4063 et
1145 3991 1240 4061 ad
1277 4015 1492 4062 usum
1543 3993 2076 4065 emendationis
2126 3982 2451 4089 exigeret
2489 4005 2617 4068 aut
2652 4006 2844 4069 certe

567 4121 658 4191 de
685 4117 1140 4214 singulorum
1171 4117 1527 4192 librorum
1565 4120 1885 4195 utilitate
1923 4131 2122 4195 recto
2158 4123 2430 4199 iudicio
2469 4134 2836 4201 statueret.

567 4248 747 4342 quid
805 4248 1000 4320 enim
1066 4249 1428 4323 attinebat
1475 4247 1595 4323 vel
1642 4250 1717 4322 A
1770 4251 1889 4324 vel
1951 4253 2017 4325 0
2078 4251 2667 4327 Florentinorum
2726 4251 2841 4328 vel

565 4377 1056 4453 Sanoroftiani
1113 4380 1640 4473 praestantiam
1699 4380 1969 4453 iactare
1985 4435 2004 4466 ‚
2082 4382 2224 4457 nisi
2274 4381 2494 4456 simul
2545 4385 2839 4457 demon·-

563 4516 824 4581 strares
886 4518 1160 4581 certam
1224 4504 1543 4602 aliquam
1606 4507 1845 4604 legem
1910 4536 1993 4583 ac
2045 4536 2373 4585 normam
2392 4566 2411 4600 ,
2440 4568 2449 4575 .
2476 4515 2569 4587 ad
2622 4538 2837 4609 quam
