3059 5125
1487 297 1514 326 .
1738 304 1751 316 .

1160 368 1448 424 Praefatio.
2331 390 2455 434 Lm

196 546 564 618 correctori
613 546 690 617 R
737 555 1035 640 propter
1086 543 1549 645 λεωσφέτερον
1589 542 1614 617 Ι
1658 546 1753 618 33
1774 601 1792 633 ,
1845 543 2147 619 fortasse
2183 548 2459 619 nimius

193 672 316 747 fui.
397 699 573 748 nam
608 684 888 747 constat
922 676 1232 747 eandem
1269 699 1520 746 vocem
1559 675 1640 746 in
1676 677 2100 749 nominibus
2150 676 2460 770 propriis

195 804 380 876 haud
440 801 981 898 infrequentem
1045 804 1310 875 variari
1376 803 1639 898 specie.
1758 799 2120 884 Μενέλεως
2180 804 2462 900 aliquot

192 932 352 1005 locis
399 932 712 1029 legitur,
765 959 900 1006 nec
950 943 1199 1006 tamen
1249 927 1605 1005 Μενελάου
1658 929 1720 1003 Η
1768 934 1909 1005 169
1961 933 2192 1028 magis
2243 935 2462 1007 debet

191 1063 443 1134 mutari
481 1087 708 1157 quam
744 1057 1095 1141 Μενέλαος
1132 1060 1336 1158 λιμήν
1374 1057 1429 1130 Δ
1463 1063 1633 1148 169,
1672 1071 1802 1133 aut
1826 1054 2188 1160 Ἀρχέλαοι
2224 1063 2458 1135 tribus

190 1191 516 1288 Sicyonia
563 1186 628 1262 Ε
666 1192 788 1264 68.
892 1187 1228 1264 Νικόλεω.
1253 1190 1660 1284 Spartiatae
1710 1214 1982 1263 nomen
2031 1200 2142 1263 est
2179 1188 2241 1261 H
2289 1192 2457 1280 134,

190 1345 395 1415 quem
457 1322 782 1393 eundem
843 1318 1066 1413 paulo
1125 1327 1291 1412 post
1348 1318 1488 1390 137
1542 1319 1873 1392 videmus
1923 1316 2217 1391 Νικόλαν
2286 1320 2452 1392 dici.

187 1449 492 1546 Lycurgi
520 1449 1006 1522 Atheniensis
1041 1446 1241 1518 filius
1278 1458 1391 1520 est
1417 1433 1934 1547 Ἀριστολαΐδεω
1961 1451 2034 1520 A
2064 1450 2184 1521 59.
2250 1474 2456 1545 reges

187 1579 718 1673 Spartiatarum
777 1586 952 1649 sunt
1014 1573 1408 1677 Λεωβώτης
1465 1576 1852 1674 Λεωνίδης,
1924 1587 2000 1649 at
2054 1578 2134 1649 in
2200 1581 2453 1651 eodem

186 1732 476 1780 numero
514 1706 961 1804 Λευτυχίδης.
1054 1707 1182 1778 sed
1219 1702 1530 1803 Λέαρχος
1564 1701 1618 1774 Δ
1662 1707 1806 1778 160
1840 1704 2074 1779 walde
2119 1708 2450 1780 dubium.

187 1835 543 1930 Λαοδάμας
579 1859 851 1907 nomen
888 1843 1000 1906 est
1032 1843 1110 1906 et
1145 1833 1631 1906 Phocaeensis
1668 1835 1721 1903 Δ
1760 1834 1899 1907 138
1941 1844 2017 1908 et
2041 1837 2455 1931 Aeginetae

184 1963 234 2035 Δ
265 1967 425 2037 152.
499 1963 850 2062 Λακρίνης
877 1963 1500 2035 Lacedaemonius
1538 1964 1611 2034 A
1648 1964 1815 2050 152,
1854 1961 2191 2062 Λαφάνης
2225 1968 2455 2038 Arcas

185 2091 232 2165 Z
273 2095 436 2180 127,
474 2091 744 2189 Λαδίκη
786 2091 1050 2164 mulier
1087 2093 1464 2188 Cyrenaea
1497 2091 1562 2162 B
1610 2093 1777 2177 181,
1817 2088 2118 2190 Λαοδίκη
2160 2093 2455 2191 Hyper—

183 2225 390 2295 borea
452 2219 508 2292 Δ
563 2221 687 2293 33.
741 2221 860 2293 35.
1001 2222 1153 2292 iam
1232 2220 1488 2315 opinor
1561 2219 1852 2292 mollius
1915 2219 2243 2294 ferentur
2305 2249 2454 2297 non

185 2352 413 2424 minus
449 2350 823 2423 variantia
859 2344 1092 2446 (Ἄγις)
1118 2334 1344 2446 Ἄγιος
1376 2347 1428 2420 Ζ
1460 2351 1584 2437 65,
1609 2335 1854 2447 Ἤγιος
1892 2346 1954 2420 Η
1987 2350 2158 2423 204.
2218 2339 2451 2452 Ἀέρο-

182 2505 299 2559 πος
345 2476 395 2550 θ
441 2479 619 2566 137,
662 2470 1011 2578 Ἠερόπου
1061 2475 1085 2548 Ι
1126 2479 1246 2550 26.
1330 2470 1695 2549 Ἀπιδανοῦ
1747 2474 1811 2548 H
1858 2479 2028 2566 129,
2082 2468 2455 2564 Ἠπιδανός

183 2605 240 2679 H
296 2611 461 2683 196.
592 2605 929 2680 similiter
989 2607 1295 2702 parique
1358 2607 1852 2681 inconstantia
1916 2605 1971 2678 Γ
2024 2610 2119 2681 97
2187 2606 2448 2708 Νύσην,

181 2737 238 2808 Β
294 2739 433 2813 146
483 2731 753 2809 Νύσαν.
861 2732 925 2806 Η
980 2737 1120 2808 221
1156 2721 1568 2836 Ἀκαρνῆνα,
1638 2736 1741 2809 sic
1790 2746 1876 2809 ut
1926 2715 1980 2809 Z
2036 2738 2179 2810 127
2222 2725 2448 2836 Ἀζήν,

186 2862 240 2935 Η
287 2868 447 2939 132.
497 2866 670 2938 185.
713 2865 851 2938 198
882 2854 1241 2964 Ἐνιῆνες;
1282 2873 1359 2936 at
1391 2865 1463 2935 A
1494 2866 1591 2938 62
1620 2853 1960 2963 Ἀκαρνάν,
2002 2867 2122 2938 cui
2161 2866 2453 2961 quidem

181 2998 266 3067 ob
336 2995 563 3067 aliam
657 3018 951 3065 causam
1009 2992 1474 3066 Valckenaer
1552 2991 2010 3089 praeierebat
2062 2983 2449 3093 Ἀχαρνεύς,

183 3123 237 3194 Β
271 3126 381 3197 10.
420 3125 505 3197 Η
544 3125 686 3196 128
717 3111 1193 3220 Ἀκαρνανίης,
1235 3132 1321 3195 ut
1354 3119 1409 3192 Δ
1446 3125 1587 3196 176
1630 3121 1974 3206 Πινδᾶνεςε
2013 3149 2186 3196 nam
2214 3113 2452 3221 Ἀγρι-

183 3255 324 3333 ᾶνες
358 3249 416 3324 Ε
465 3255 559 3326 16
600 3260 981 3346 suspectae
1018 3260 1130 3323 est
1162 3252 1487 3348 originis.
1588 3253 1669 3324 in
1707 3250 1998 3352 Γάδειρα
2037 3252 2320 3350 syllaba
2367 3278 2453 3349 γα

153 3383 474 3477 ancipiti
509 3390 627 3455 est
660 3390 986 3475 tempore
1009 3436 1026 3467 ,
1080 3383 1208 3453 sed
1245 3379 1628 3480 Γηδείροισι
1670 3377 1725 3450 Δ
1763 3382 1807 3454 8
1854 3406 2002 3454 non
2038 3382 2454 3454 Herodotus

182 3511 456 3607 scripsit
514 3513 649 3583 sed
708 3519 1059 3583 corrector
1105 3510 1201 3581 R.
1298 3508 1625 3607 θέητρον,
1686 3509 1948 3608 θεητής
2000 3511 2141 3583 sibi
2191 3536 2453 3584 conve—

183 3641 551 3714 venienter
598 3637 887 3724 format,
938 3664 1076 3711 nec
1109 3647 1358 3711 tamen
1392 3638 1708 3710 mutavit
1739 3663 2010 3711 nomen
2044 3640 2467 3734 Spartiatae

185 3766 510 3867 θεασίδης
547 3766 600 3841 Ζ
639 3770 760 3840 85.
854 3768 1185 3840 tribuum
1234 3768 1646 3840 doricarum
1691 3769 1989 3841 nomina
2031 3767 2453 3842 ioculariter

182 3922 222 3966 a
246 3896 625 3971 Clisthene
663 3894 907 3969 efficta
930 3884 1177 3967 Ὑᾶται
1204 3884 1522 3968 Ὀνεᾶται
1549 3892 1913 3996 Χοιρεᾶται
1951 3893 2010 3969 E
2041 3899 2137 3971 68
2175 3898 2454 3970 intacta

183 4024 488 4121 reliquit,
544 4036 631 4099 ut
677 4027 958 4098 ibidem
995 4022 1382 4118 Δυμανᾶται
1433 4034 1509 4097 et
1558 4027 1754 4120 quod
1801 4027 2017 4098 modo
2051 4028 2451 4100 memoravi

176 4138 554 4251 Ἀρχέλαοι.
661 4154 983 4228 alternat
1030 4150 1487 4252 Παρωρεάτας
1540 4150 1595 4223 Δ
1652 4155 1794 4226 148
1861 4163 1939 4226 et
1997 4152 2449 4255 Παρωρεῆται

186 4278 230 4345 θ
282 4283 395 4355 73.
505 4279 869 4384 Καβηλέες
915 4283 1158 4380 lydica
1207 4284 1565 4377 quaedam
1612 4307 1792 4378 gens
1843 4292 2142 4355 vocatur
2208 4279 2272 4353 H
2328 4286 2445 4366 77,

186 4432 310 4482 nec
355 4436 529 4485 vero
575 4412 842 4484 idcirco
889 4412 971 4485 in
1019 4414 1478 4485 emendando
1518 4408 1888 4512 Καβαλίων
1924 4409 1979 4482 Γ
2017 4414 2113 4485 90
2164 4414 2260 4483 ad
2298 4408 2448 4483 Κα-

189 4536 440 4634 βηλέων
495 4541 1132 4636 progrediendum.
1236 4565 1374 4613 nec
1408 4542 1771 4614 movenda
1825 4541 1985 4635 ipsa
2034 4539 2451 4636 frequentia
