3059 5125
1060 359 1458 424 -Θ-
2266 361 2391 424 293

125 530 359 604 στέατο
433 535 589 613 τοὺς
658 532 999 627 κειμένους
1081 533 1247 606 εἶναι
1326 535 1581 615 πάντας
1651 533 2217 628 Λακεδαιμονίους
2285 537 2392 606 καὶ

126 647 487 739 θεσπιέας,
536 652 838 750 ὁρέοντες
886 653 994 723 καὶ
1030 653 1187 732 τοὺς
1222 649 1524 733 εἵλωτας.
1603 651 1683 723 οὐ
1721 650 1842 746 μὲν
1879 643 2018 734 οὐδ’
2066 652 2390 725 ἐλάνθανε

124 771 272 851 τοὺς
320 770 811 871 διαβεβηκότας
858 769 1118 869 Ξέρξης
1169 775 1376 843 ταῦτα
1427 773 1692 870 πρήξας
1746 774 1899 871 περὶ
1932 773 2090 851 τοὺς
2119 773 2392 870 νεκροὺς

123 889 269 969 τοὺς
316 888 605 960 ἑωυτοῦ·
666 894 804 963 καὶ
850 889 976 989 γὰρ
1025 891 1111 988 δὴ
1170 892 1278 961 καὶ
1323 889 1586 987 γελοῖον
1641 893 1759 991 ἧν·
1849 897 1982 960 τῶν
2025 889 2145 984 μὲν
2183 891 2390 989 χίλιοι

124 1006 467 1101 ἐφαίνοντο
503 1013 725 1107 νεκροὶ
762 1014 1086 1103 κείμενοι,
1136 1010 1197 1079 οἱ
1244 1009 1319 1081 δὲ
1371 1007 1615 1091 πάντες
1651 1009 1885 1082 ἐκέατο
1921 1007 2115 1089 ἁλέες
2151 1035 2388 1107 συγκε-

124 1126 512 1219 κομισμένοι
550 1126 622 1208 ἐς
654 1130 868 1199 τώυτὸ
904 1133 1181 1226 χωρίον,
1225 1127 1536 1226 τέσσερες
1569 1128 1889 1226 χιλιάδες.
1976 1129 2223 1227 ταύτην
2264 1127 2385 1221 μὲν

122 1248 232 1341 τὴν
260 1235 558 1344 ιἡμέρην
610 1250 778 1344 πρὸς
826 1246 999 1345 θέην
1063 1245 1458 1346 ἐτράποντο,
1522 1248 1610 1347 τῇ
1663 1235 1718 1318 δ’
1784 1248 2099 1346 ὑστεραίῃ
2155 1247 2218 1317 οἱ
2269 1244 2386 1340 μὲν

121 1360 452 1436 ἀπέπλεον
506 1364 579 1446 ἐς
620 1352 948 1464 Ἱστιαίην
1006 1365 1117 1438 ἐπὶ
1167 1363 1283 1446 τὰς
1328 1365 1517 1454 νέας,
1572 1367 1634 1437 οἰ
1687 1363 1760 1437 δὲ
1809 1363 1983 1462 ἀμφὶ
2019 1363 2278 1464 Ξέρξην
2319 1365 2389 1445 ἐς

122 1482 263 1553 ὁδὸν
303 1482 621 1581 ὁρμέατο.

243 1596 472 1672 Ἧκον
535 1602 609 1674 δέ
666 1629 785 1701 σφι
844 1601 1206 1697 αὐτόμολοι
1273 1602 1507 1702 ἄνδρες
1574 1593 1690 1676 ἀπ’
1746 1593 2117 1702 Ἀρκαδίης
2173 1603 2387 1702 ὀλίγοι
2419 1614 2501 1675 26

122 1719 304 1808 τινές,
365 1720 519 1820 βίου
553 1745 626 1792 τε
663 1721 967 1815 δεόμενοι
1000 1726 1107 1794 καὶ
1144 1722 1396 1822 ἐνεργοὶ
1435 1722 1830 1823 βουλόμενοι
1861 1722 2049 1794 εἶναι.
2115 1720 2388 1819 ἄγοντες

123 1836 190 1909 δὲ
219 1840 503 1918 τούτους
541 1838 612 1919 ἐς
644 1839 790 1936 ὄψίν
829 1844 953 1938 τὴν
994 1841 1311 1942 βασιλέος
1346 1839 1800 1914 ἐπυνθάνοντο
1840 1843 1903 1912 οἱ
1943 1839 2199 1941 Πέρσαι
2234 1844 2387 1939 περὶ

122 1952 630 2055 τῶνἙλλήνων
668 1963 731 2030 τί
764 1959 1056 2031 ποιέοιεν
1082 1983 1096 1996 ·
1152 1957 1253 2040 εἷς
1289 1962 1362 2033 δέ
1398 1985 1497 2040 τις
1522 1963 1654 2059 πρὸ
1689 1960 1954 2032 πάντων
1991 1962 2075 2058 ἧν
2113 1961 2147 2030 ὃ
2186 1960 2383 2059 εἰρω-

124 2074 280 2146 τέων
320 2078 568 2157 αὐτοὺς
616 2083 847 2150 ταῦτα.
942 2079 1001 2148 οἱ
1055 2079 1129 2151 δέ
1181 2104 1298 2176 σφι
1353 2077 1585 2176 ἔλεγον
1635 2082 1731 2159 ὡς
1759 2066 2102 2172 Ὀλύμπια
2152 2075 2384 2175 ἄγουσι

89 2199 222 2265 ικαὶ
265 2195 628 2294 θεωρέοιεν
683 2194 910 2295 ἀγῶνα
956 2199 1264 2295 γυμνικὸν
1316 2203 1421 2270 καὶ
1461 2199 1747 2270 ἱππικόν.
1825 2198 1861 2267 ὁ
1898 2196 1973 2268 δὲ
2009 2195 2308 2296 ἐπείρετο
2347 2196 2388 2267 ὅ

127 2339 180 2383 τι
211 2318 283 2385 τὸ
316 2313 568 2387 ἄεθλον
607 2318 712 2416 εἴη
754 2342 871 2412 σφι
906 2321 1241 2410 κείμενον,
1289 2319 1439 2415 περὶ
1480 2317 1634 2388 ὅτευ
1666 2314 2139 2412 ἀγωνίζονται·
2215 2316 2276 2385 οἱ
2314 2305 2373 2386 δ’

127 2431 294 2504 εἶπον
351 2443 483 2534 τῆς
547 2432 783 2533 ἐλαίης
839 2437 950 2505 τὸν
1016 2436 1360 2530 διδόμενον
1411 2436 1756 2532 στέφανον.
1854 2434 2142 2505 ἐνθαῦτα
2192 2434 2384 2513 εἴπας

127 2557 390 2651 γνώμην
444 2553 917 2653 γενναιοτάτην
968 2551 1305 2653 Τιγράνης
1357 2554 1393 2624 ὁ
1421 2543 1849 2653 Ἀρταβάνου
1903 2551 2157 2651 δειλίην
2195 2551 2383 2650 ὦφλε

129 2676 277 2769 πρὸς
325 2671 664 2773 βασιλέος.
753 2673 1257 2773 πυνθανόμενος
1309 2673 1436 2770 γὰρ
1488 2676 1563 2744 τὸ
1615 2671 1860 2745 ἄεθλον
1912 2671 2021 2744 ἐὸν
2057 2672 2382 2768 στέφανον

90 2784 265 2860 »ἀλλ’
311 2792 393 2862 οὐ
428 2794 791 2889 χρήματα,
852 2792 1005 2864 οὔτε
1060 2793 1386 2891 ἠνέσχετο
1445 2799 1651 2888 σιγῶν
1701 2790 1846 2864 εἶπέ
1897 2817 1970 2862 τε
2025 2790 2095 2871 ἐς
2129 2790 2383 2871 πάντας

130 2909 304 2997 τάδε,
327 2897 612 2982 ((παπαῖ
645 2905 1019 3009 Μαρδόνιε,
1078 2915 1296 2990 κοίους
1332 2898 1438 2982 ἐπ’
1489 2909 1736 3007 ἄνδρας
1771 2911 2024 3007 ἤγαγες
2063 2933 2381 3006 μαχησο-

133 3027 350 3118 μένους
407 3027 664 3127 ἡμέας,
722 3028 786 3099 οἲ
839 3028 916 3099 οὐ
975 3032 1126 3127 περὶ
1175 3027 1547 3127 χρημάτων
1600 3030 1711 3098 τὸν
1764 3025 1995 3123 ἀγῶνα
2040 3031 2381 3097 ποιεῦνται

132 3142 284 3217 ἀλλὰ
316 3151 469 3247 περὶ
506 3137 808 3247 άρετῆς.”
889 3151 1107 3244 τούτῳ
1147 3147 1268 3242 μὲν
1309 3148 1394 3245 δὴ
1431 3152 1641 3218 ταῦτα
1678 3148 1927 3245 εἴρητο.

418 3383 495 3437 ὅτι
523 3379 716 3454 Ξέρξου
741 3383 968 3443 ἐπιόντος
992 3381 1248 3455 Ὀλύμπια
1271 3383 1579 3454 ἠγωνίζοντο
1604 3382 1652 3435 οἱ
1667 3374 1920 3452 Ἕλληνες

316 3607 381 3657 22
405 3622 486 3676 sq.
535 3605 839 3669 (Choricius
871 3622 925 3677 p.
956 3607 1023 3657 35
1045 3604 1244 3667 Boias.)

221 3734 264 3783 2.
303 3733 519 3803 ὁρῶντες
542 3733 666 3795 ΑΒ,
699 3733 941 3804 ὁρέωντες
975 3734 1020 3788 G
1069 3735 1092 3798 11
1155 3734 1204 3784 3.
1246 3731 1922 3854 διῗεβηκότας-ξέρξης
1938 3731 2021 3800 sslf
2037 3733 2103 3795 P,
2139 3731 2380 3850 Empessn-

138 3798 265 3860 ιὸτας
287 3801 457 3872 &pt-27:
482 3801 541 3855 δὲ
564 3803 621 3856 R
678 3805 702 3868 11
763 3805 809 3853 5.
853 3801 999 3860 αλέες
1024 3806 1095 3864 Α,
1126 3799 1274 3859 ἁλέες
1412 3802 1434 3864 11
1496 3802 1544 3851 6.
1587 3799 1824 3871 τέσσαρες
1854 3801 2016 3920 Uduba
2091 3803 2138 3851 7.
2181 3799 2239 3852 δε
2361 3799 2382 3866 11

2073 3886 2163 3920 ατο

140 3934 179 3985 8.
214 3936 471 3992 ἀπέπλωον
497 3940 596 3993 Ra
636 3940 660 4004 11
710 3938 921 4008 ίστιαίην
948 3939 987 3991 d
1029 3940 1052 4002 ΙΙ
1096 3943 1225 4007 νῆας
1252 3938 1337 3991 Rz
1390 3939 1412 4000 11
1462 3935 1636 4004 ξέρξεα
1662 3936 1717 3990 R
1762 3938 1785 4000 11
1832 3939 1882 3988 9.
1924 3868 2143 4006 &grato
2175 3934 2232 3997 C,
2274 3938 2376 4006 ὡρ-

196 4023 272 4058 ατο
294 4008 397 4061 Ράε
456 4010 479 4072 11
543 4008 623 4058 11.
665 4007 933 4078 ἀγαγόντες
964 4005 1110 4060 0sz
1157 4008 1180 4070 11
1234 4008 1312 4057 12.
1352 4005 1447 4073 τὴν
1474 4004 1722 4072 βασιλέως
1755 4003 1814 4069 0,
1842 4006 1938 4075 τὴν
1963 4004 2205 4074 βασιλῆος
2230 4023 2275 4070 z,
2301 4011 2376 4054 τῶ

194 4072 306 4128 σιλεῖ
329 4078 365 4129 d
406 4078 429 4141 11
481 4078 563 4130 13.
601 4074 760 4141 τί]τά
784 4075 868 4128 Rz
915 4077 937 4139 11
984 4075 1169 4127 ποιέειν
1202 4073 1284 4128 Gd
1327 4076 1349 4138 11
1395 4073 1647 4137 εἰρωτέων
1675 4075 1761 4126 R:
1800 4073 2024 4142 εἰρωτῶν
2048 4073 2205 4135 ABd,
2232 4073 2375 4141 ἠρω-

138 4146 222 4191 ΐῶν
248 4143 299 4206 C,
328 4144 559 4216 ὲρωτέων
586 4144 651 4207 P,
681 4144 885 4213 ἐρωτῶν
910 4161 936 4194 z
982 4144 1005 4207 11
1059 4145 1136 4194 14.
1167 4142 1334 4215 ἄγοιεν
1361 4140 1481 4205 PR,
1512 4141 1733 4211 διάγοιεν
1754 4158 1780 4192 z
1826 4144 1848 4206 11
1899 4143 1977 4193 15.
2008 4139 2373 4211 θεωρέοιενΕι

142 4205 188 4258 θε
255 4218 351 4265 οῖεν
466 4214 633 4266 τεκαὶ
656 4212 776 4265 cod.
806 4211 974 4265 Paris.
1009 4214 1108 4276 (44)
1170 4213 1192 4275 11
1251 4210 1327 4262 ὅτι
1350 4212 1462 4265 ΑΒ
1520 4211 1543 4274 [Ι
1621 4212 1698 4261 16.
1742 4228 1778 4260 π
1811 4211 2121 4279 οκείμενονκ
2182 4212 2203 4273 11
2263 4208 2376 4261 ὅτευ

145 4228 254 4341 Bm&
286 4280 338 4333 δὲ
463 4283 486 4346 11
544 4283 618 4332 18.
659 4280 1051 4353 τριτανταίχμης
1077 4279 1130 4330 R
1177 4281 1198 4344 11
1241 4278 1406 4350 ὤφλεε
1433 4278 1514 4331 Rz
1573 4279 1595 4343 ΙΙ
1648 4279 1726 4329 19.
1770 4227 2017 4344 ἕασιλέως
2047 4280 2103 4339 C,
2134 4276 2280 4347 βασιλ
2321 4296 2377 4335 ος

144 4361 164 4393 2
206 4349 229 4411 Ι
277 4349 557 4419 πυθόμενος
582 4348 712 4401 PRz
769 4352 791 4415 11
836 4350 922 4401 τὸν
947 4348 1133 4402 ἄεθλον
1159 4348 1305 4400 ἐόντα
1331 4349 1387 4400 R
1459 4349 1482 4412 11
1553 4348 1637 4398 20.
1680 4352 1819 4417 σιγᾶν
1845 4348 1883 4400 d
1948 4349 1970 4411 11
2040 4344 2149 4398 εἶπε
2176 4345 2232 4397 δὲ

146 4410 201 4470 εἰς
226 4416 272 4479 0,
298 4420 417 4501 πρὸς
443 4418 554 4470 sz
625 4419 648 4481 11
717 4419 801 4470 21.
839 4417 954 4469 τόδε
982 4419 1038 4470 R
1106 4420 1128 4481 ΙΙ
1198 4420 1368 4468 παπαῖ
1389 4418 1526 4470 AB:
1568 4416 1731 4468 παπαὶ
1801 4419 1823 4481 11
1886 4416 1969 4466 22.
2008 4415 2094 4467 τὸν
2119 4431 2223 4467 om.
2260 4415 2316 4467 R

147 4480 213 4533 23.
247 4485 333 4539 ἀλλ
383 4486 570 4557 ἀρετῆς
598 4486 671 4539 R.
712 4484 928 4539 Choric.
979 4489 1001 4552 11
1048 4484 1200 4554 ἤρετο
1230 4486 1287 4548 G',
1317 4484 1475 4555 εἴρετο
1499 4486 1538 4537 d
