3059 5125
955 250 1081 313 268
1914 245 2292 312 -Γ-

958 425 1172 497 σέων·
1235 421 1618 525 Καμβύσης
1653 422 1778 523 γὰρ
1818 424 1973 524 βίην
2015 423 2137 496 ούκ
2189 422 2484 495 ἐδικαίου
2521 420 2913 520 προσφέρειν
2944 416 3059 491 <boin

958 546 1057 617 ὅτι
1106 546 1319 643 σφέας
1357 570 1430 617 τε
1480 544 1724 625 αὐτοὺς
1769 543 2183 617 ἐδεδώκεσαν
2227 541 2531 642 Πέρσῃσι
2583 546 2693 614 καὶ
2729 545 2860 622 πᾶς
2891 539 2956 612 ἐκ
2981 537 3059 611 Φο

959 692 1091 737 κων
1154 666 1414 763 ἤρτητο
1470 665 1505 735 ὁ
1562 667 1867 746 ναυτικὸς
1924 666 2224 762 στρατός.
2355 663 2586 745 δόντες
2643 661 2719 735 δὲ
2776 662 2878 733 καὶ
2930 656 3059 748 Κύπ

849 797 931 858 20
959 785 1174 882 σφέας
1232 783 1476 866 αὐτοὺς
1511 782 1823 883 Πέρσῃσι
1872 784 2348 884 ἐστρατεύοντο
2399 772 2906 883 ἐπ’.Αἴγυπτον.
2988 779 3059 853 ἐπ

957 903 1032 977 δέ
1082 906 1184 1002 τῷ
1232 901 1579 1004 Καμβύσῃ
1650 904 1722 977 ἐκ
1771 911 1894 1005 τῆς
1931 893 2426 1002 Ἐλεφαντίνης
2476 900 2796 976 ἀπίκοντο
2853 902 2913 973 οἰ
2948 889 3059 997 ’1χὲ

957 1025 1180 1122 φάγοι,
1235 1022 1498 1119 ἔπεμπε
1547 1024 1789 1107 αὐτοὺς
1835 1023 1906 1105 ἐς
1941 1024 2097 1105 τοὺς
2135 1018 2465 1105 Αἰθίοπας
2500 1020 2951 1117 ἐντειλάμενος
2979 1017 3046 1092 τὰ

954 1169 1091 1243 γειν
1129 1153 1301 1245 χρῆν
1339 1147 1447 1217 καὶ
1484 1144 1671 1244 δῶρα
1707 1144 2034 1243 φέροντας
2076 1146 2456 1244 πορφύρεόν
2495 1169 2569 1217 τε
2612 1140 2776 1237 εἷμα
2809 1143 2910 1215 καὶ
2935 1142 3059 1240 χρύι

958 1266 1279 1362 στρεπτὸν
1315 1264 1783 1364 περιαυχένιον
1812 1266 1948 1335 καὶ
1999 1264 2200 1362 ψέλια
2253 1267 2363 1336 καὶ
2414 1263 2629 1362 μύρου
2665 1260 3053 1364 ἀλάβαστρον

957 1388 1336 1482 φοινικηίου
1375 1386 1556 1457 οἴνου
1592 1384 1813 1458 κάδον.
1897 1385 1960 1455 οἱ
2008 1384 2083 1457 δὲ
2121 1379 2441 1465 Αἰθίοπες
2491 1382 2692 1465 οὗτοι,
2753 1382 2824 1464 ἐς
2864 1377 3059 1461 τοὺςά

956 1530 1183 1599 πεμπε
1236 1503 1272 1574 ό
1326 1501 1741 1604 Καμβύσης,
1801 1503 2109 1601 λέγονται
2158 1502 2326 1577 εἶναι
2383 1503 2684 1602 μέγιστοι
2741 1504 2848 1574 καὶ
2894 1499 3059 1573 κάλλι

956 1623 1331 1723 ἀνθρώπων
1367 1622 1659 1696 πάντων.
1748 1626 2014 1718 νόμοισι
2061 1622 2138 1698 δὲ
2181 1625 2290 1697 καὶ
2327 1623 2588 1698 ἄλλοισι
2641 1623 2933 1723 χρᾶσθαι
2976 1621 3059 1693 αὐτ

957 1769 1121 1842 φασι
1159 1743 1716 1843 κεχωρισμένοισι
1749 1750 1883 1815 τῶν
1924 1742 2150 1818 ἄλλων
2198 1742 2577 1845 ἀνθρώπων
2633 1746 2742 1817 καὶ
2784 1743 2868 1843 δὴ
2915 1744 3059 1815 καὶ]

955 1868 1077 1964 τὴν
1118 1863 1487 1964 βασιληίην
1524 1864 1788 1961 τοιῷδε.
1880 1868 1991 1938 τὸν
2032 1862 2111 1938 ἂν
2149 1873 2285 1965 τῷν
2326 1861 2545 1938 ἀστῶν
2600 1867 2870 1963 κρίνωσι
2915 1862 3059 1958 μέγιι

953 2010 1026 2057 τε
1062 1982 1229 2058 εἶναι
1265 1986 1373 2057 καὶ
1409 1983 1576 2058 κατὰ
1611 1986 1689 2057 τὸ
1728 1983 2025 2082 μέγαθος
2061 1983 2241 2084 ἔχειν
2277 1988 2400 2084 τὴν
2441 1986 2655 2083 ἰσχύν,
2709 1990 2936 2056 τοῦτον
2970 1980 3058 2060 άξι

849 2113 922 2173 21
957 2103 1355 2206 βασιλεύειν.
1450 2104 1520 2186 ἐς
1573 2106 1848 2186 τούτους
1902 2106 1988 2204 δὴ
2047 2104 2141 2175 ὧν
2191 2106 2348 2186 τοὺς
2397 2104 2647 2204 ἄνδρας
2683 2107 2780 2186 ὡς
2815 2101 3059 2176 άπίκοντ

946 2212 1406 2323 Ἰχθυοφάγοι,
1445 2224 1740 2306 διδόντες
1772 2223 1856 2295 τὰ
1888 2226 2074 2324 δῶρα
2105 2228 2205 2323 τῷ
2231 2224 2496 2327 βασιλέι
2529 2224 2751 2298 αὐτῶν
2786 2222 3005 2321 ἔλεγον
3031 2248 3059 2293 τ

943 2339 976 2366 “
993 2343 1309 2446 βασιλεὺς
1341 2346 1376 2416 ό
1408 2343 1725 2445 Περσέων
1758 2342 2164 2448 Καμβύσης,
2200 2344 2615 2446 βουλόμενος
2651 2345 2846 2442 φίλος
2879 2347 2983 2416 καὶ
3013 2344 3059 2423 ξε

954 2492 1057 2537 τοι
1106 2464 1440 2564 γενέσθαι,
1499 2464 1723 2566 ἡμέας
1771 2491 1843 2567 τε
1895 2461 2255 2564 ἀπέπεμψε
2300 2464 2370 2547 ἐς
2421 2464 2662 2565 λόγους
2710 2491 2814 2537 τοι
2857 2464 3059 2538 ἐλθεῖν

956 2586 1168 2659 λεύων
1228 2587 1336 2658 καὶ
1400 2585 1587 2686 δῶρα
1643 2586 1849 2659 ταῦτά
1904 2612 2005 2659 τοι
2068 2586 2246 2660 διδοῖ
2286 2587 2458 2659 τοῖσι
2517 2587 2625 2658 καὶ
2683 2586 2884 2667 αὐτὸς
2937 2584 3059 2679 μάλ

952 2708 1189 2805 ἥδεται
1224 2695 1682 2805 χρεώμενος.”
1759 2707 1794 2777 ὸ
1833 2704 1909 2778 δὲ
1935 2698 2181 2804 Αἰθίοψ
2217 2706 2455 2801 μαθὼν
2493 2707 2594 2778 ὅτι
2625 2710 2945 2778 κατόπται
2972 2708 3059 2802 ἤια

953 2826 1133 2924 λέγει
1169 2828 1336 2926 πρὸς
1380 2827 1625 2908 αὐτοὺς
1658 2826 1903 2899 τοιάδε.
1984 2813 2021 2841 “
2036 2825 2192 2898 οὔτε
2227 2827 2262 2897 ὁ
2303 2824 2621 2925 Περσέων
2673 2826 2987 2926 βασιλεὺς
3030 2825 3059 2895 δ

955 2946 1168 3042 ὑμέας
1220 2945 1482 3044 ἔπεμψε
1538 2946 1869 3045 φέροντας
1918 2952 2261 3046 προτιμῶν
2307 2944 2565 3018 πολλοῦ
2602 2945 2755 3041 ἐμοὶ
2792 2947 3056 3040 ξεῖνοςγ

953 3066 1145 3150 σθαι,
1210 3066 1364 3141 οὔτε
1422 3066 1615 3162 ὑμεῖς
1670 3066 1898 3163 λέγετε
1955 3064 2224 3165 ἀληθέα
2283 3067 2507 3166 (ἥκετε
2556 3066 2685 3166 γὰρ
2732 3070 3042 3140 κατόπται

953 3186 1130 3285 ἐμῆς
1184 3183 1469 3288 ἀρχῆς),
1535 3185 1689 3258 οὔτε
1740 3185 1987 3268 ἐκεῖνος
2042 3182 2217 3286 ἀνήρ
2276 3186 2419 3259 ἐστι
2472 3186 2764 3268 δίκαιος·
2845 3189 2902 3259 εἰ
2952 3185 3059 3284 γὰρ

953 3307 1220 3389 δίκαιος,
1265 3294 1406 3380 οὔτ’
1455 3304 1534 3380 ἂν
1571 3307 1966 3406 ἐπεθύμησε
2000 3310 2242 3406 χώρης
2274 3304 2493 3406 ἄλλης
2523 3306 2569 3406 ἢ
2603 3314 2730 3407 τῆς
2762 3307 3026 3388 ἑωυτοῦ,
3056 3336 3059 3361 ·

1261 3544 1376 3618 περὶ
1401 3541 1664 3600 Αἰθιόπων
1804 3545 1918 3619 περὶ
1939 3551 2034 3617 τῆς
2060 3544 2130 3606 εἰς
2156 3541 2411 3607 Αἰθίοπας
2433 3545 2699 3619 πρεσβείας

957 3689 1122 3695 ——-—-
1136 3690 1286 3697 w...

1157 3773 1208 3825 9.
1251 3771 1567 3826 Athenaeus
1592 3789 1643 3842 p.
1667 3773 1786 3824 473.
1837 3771 2036 3826 Pollux
2062 3771 2114 3826 X
2140 3773 2223 3825 70.
2254 3801 2323 3811 -
2355 3773 2435 3826 10.
2475 3769 2799 3826 Euanthius
2824 3768 2983 3825 Dion.
3009 3767 3058 3818 21

1055 3843 1137 3894 20.
1180 3840 1378 3895 Pollux
1403 3839 1462 3894 11
1491 3843 1556 3893 59

1055 4016 1104 4066 2.
1144 4013 1473 4068 ἐκδεδόκεσαν
1499 4033 1525 4067 z
1596 4016 1617 4081 ΙΙ
1689 4018 1739 4067 6.
1782 4013 2131 4083 ἐντειλάμενός
2155 4032 2211 4066 τε
2232 4013 2296 4066 τὰ
2324 4014 2381 4067 R
2449 4013 2472 4077 ΙΙ
2555 4014 2604 4064 7.
2643 4030 2711 4085 χρ
2750 4032 2778 4065 ν
2804 4014 2909 4068 Pzz
2970 4015 3059 4081 ρὴνι

948 4083 1052 4153 χρὴ
1079 4082 1274 4153 reliqui
1323 4086 1344 4150 ΙΙ
1388 4083 1476 4136 καὶ
1501 4083 1657 4154 δῶρα]
1689 4083 1828 4156 δῶρα
1854 4083 1908 4136 R
1952 4086 1974 4149 ΙΙ
2022 4085 2070 4135 8.
2099 4082 2285 4155 ψέλλια
2310 4084 2372 4135 dz
2414 4083 2436 4147 ΙΙ
2483 4084 2533 4133 9.
2562 4100 2699 4153 φοινι
2756 4101 2815 4136 ου
2841 4028 2972 4135 Pol}
3014 4080 3059 4154 Ι1

950 4151 1119 4222 πεμψε
1143 4171 1169 4204 z
1215 4156 1237 4219 ΙΙ
1293 4155 1369 4206 11.
1411 4153 1650 4208 ἁπάντων
1679 4155 1735 4207 R
1781 4156 1803 4220 ΙΙ
1850 4153 2028 4212 ἄλλοις
2052 4154 2109 4207 R
2155 4156 2177 4218 ΙΙ
2224 4152 2407 4210 αὐτοὺς
2508 4151 2879 4209 σὶ1ἳ;αύτοὺς
2902 4149 3059 4202 καὶΑΛ

951 4221 1133 4280 αὐτοὺς
1160 4221 1235 4275 Px
1299 4225 1320 4287 ΙΙ
1388 4224 1469 4274 12.
1509 4222 1597 4276 καὶ
1620 4223 1983 4294 χωρισμένοισι
2010 4223 2067 4276 R
2123 4225 2145 4287 ΙΙ
2206 4220 2270 4291 δὴ
2297 4171 2583 4290 ung-5212
2654 4223 2676 4286 u
2752 4221 2831 4274 13.
2870 4218 3055 4291 κρίνωσι

952 4289 967 4342 ί
1040 4290 1095 4342 ύν
1124 4292 1180 4344 R
1226 4293 1248 4357 11
1292 4309 1346 4342 τε
1371 4308 1478 4344 om.
1632 4334 1642 4344 .
1697 4295 1718 4359 ΙΙ
1771 4294 1851 4344 14.
1890 4293 1949 4344 τὸ
1975 4309 2083 4344 om.
2113 4293 2277 4346 ABG
2315 4293 2338 4356 ΙΙ
2383 4290 2578 4350 ἀξιοῦσι
2604 4306 2710 4342 om.
2744 4290 2800 4343 R
2854 4291 2876 4354 ΙΙ
2936 4288 3004 4338 16.
3036 4301 3059 4333 τ

1066 4362 1088 4422 11
1155 4359 1352 4428 βασιλεῖ
1374 4360 1544 4414 ΑΒΡ
1630 4364 1652 4427 11
1714 4361 1909 4415 αὐτέων
1936 4378 1962 4413 z
2029 4364 2052 4427 ΙΙ
2127 4361 2207 4413 18.
2247 4378 2326 4412 τοι
2351 4366 2477 4414 ante
2502 4358 2810 4429 βουλόμενος
2834 4358 2906 4420 R,
2930 4360 3059 4426 poa*

953 4444 979 4480 z
1027 4430 1048 4494 ΙΙ
1097 4427 1363 4499 ἀπέπεμπε
1396 4430 1512 4489 GPz
1560 4432 1583 4500 ΙΙ
1632 4433 1715 4484 20.
1755 4431 2031 4506 χρεόμενος
2059 4431 2112 4487 P
2152 4433 2173 4500 ΙΙ
2222 4431 2304 4481 22.
2348 4428 2480 4504 ὑμᾶς
2506 4430 2544 4482 d
2587 4430 2609 4496 R
2658 4430 2742 4485 25.
2783 4419 3059 4496 ἐπεθύμεε]
