3059 5125
768 340 1155 408 -F—
1983 347 2106 410 277

0 547 71 592 ιοι
104 519 243 593 κοτὲ
281 520 364 592 σὺ
401 521 522 617 τὴν
562 517 844 618 θρίδακα
880 519 1249 617 ἐμιμήσαο,
1299 521 1410 590 τὸν
1451 514 1682 618 Κύρου
1719 517 1894 591 οἶκον
1932 518 2106 592 ἀπο-

0 627 207 722 ὑσας.”
305 641 418 711 τὸν
472 637 549 710 δὲ
593 637 1000 733 θυμωθέντα
1053 638 1450 740 ἐμπηδῆσαι
1497 638 1674 738 αὐτῇ
1725 637 1984 738 ἐχούσῃ
2037 638 2107 710 ἐν

0 765 94 860 ιρί,
133 764 236 832 καί
273 785 384 853 μιν
421 757 853 859 ἐκτρώσασαν
894 757 1281 833 ἀποθανεῖν.

9 875 212 953 Ταῦτα
249 878 372 973 μὲν
419 878 490 960 ές
542 879 699 960 τοὺς
748 880 1048 978 οἰκηίους
1100 879 1138 950 ὁ
1177 876 1562 982 Καμβύσης
1609 878 1918 978 ἐξεμάνη,
1976 881 2109 953 εἴτε
2133 889 2215 951 33

0 998 80 1073 Βιὰ
109 994 450 1071 τὸνἈπιν
487 997 620 1071 εἴτε
656 1000 767 1071 καὶ
802 996 1050 1081 ἄλλως,
1089 997 1203 1073 οἷα
1234 999 1458 1074 πολλὰ
1489 998 1673 1072 ἔωθε
1710 997 2111 1099 ἀνθρώπους

0 1121 21 1194 ὶ
51 1117 602 1220 καταλαμβάνειν·
647 1121 758 1190 καὶ
795 1120 922 1219 γάρ
959 1145 1102 1192 τινα
1140 1119 1216 1192 ἐκ
1251 1128 1490 1220 γενεῆς
1524 1124 1762 1194 νοῦσον
1801 1119 2107 1217 μεγάλην

0 1265 106 1313 εται
138 1239 318 1338 ἔχειν
366 1239 401 1310 ὁ
440 1235 846 1339 Καμβύσης,
907 1241 1030 1337 τὴν
1090 1241 1238 1339 ίρήν
1297 1237 1701 1336 ὀνομάζουσί
1750 1265 1938 1320 τινες.
2030 1239 2110 1311 οὔ

8 1386 100 1432 τοι
131 1356 348 1440 ἀεικὲς
384 1356 578 1431 οὐδὲν
618 1361 703 1458 ῆν
739 1363 857 1431 τοῦ
895 1363 1212 1455 σώματος
1266 1366 1505 1434 νοῦσον
1559 1360 1861 1458 μεγάλην
1912 1356 2110 1431 νοσέ-

0 1507 40 1561 ις
78 1478 245 1580 μηδὲ
293 1476 418 1559 τὰς
474 1476 722 1577 φρένας
777 1477 1108 1576 ὑγιαίνειν.
1202 1478 1360 1552 τάδε
1412 1470 1478 1551 δ’
1543 1479 1613 1562 ές
1659 1481 1815 1562 τοὺς
1867 1477 2114 1559 ἄλλους
2138 1494 2219 1555 3-1

0 1625 111 1682 σας
155 1598 471 1697 ἐξεμάνη.
583 1596 846 1695 λέγεται
901 1597 1026 1698 γὰρ
1083 1600 1290 1673 εἰπεῖν
1351 1600 1550 1673 αὐτὸν
1604 1602 1774 1699 πρὸς
1834 1597 2110 1698 Πρηξά-

0 1747 44 1802 ι,
79 1722 185 1791 τὀν
221 1719 424 1812 ἐτίμα
455 1742 527 1790 τε
563 1716 856 1811 μάλιστα
888 1724 996 1792 καί
1027 1721 1088 1792 οἱ
1121 1717 1238 1799 τὰς
1269 1716 1587 1818 ἀγγελίας
1618 1719 1860 1819 ἐφόρεε
1893 1718 2108 1799 οὗτος,

0 1867 78 1912 :ou
109 1866 181 1914 τε
215 1840 251 1910 ὁ
288 1839 452 1918 παῖς
488 1839 792 1934 οἰνοχόος
824 1840 909 1938 ῆν
947 1840 1049 1936 τῷ
1074 1836 1442 1941 Καμβύση,
1479 1844 1641 1939 τιμὴ
1682 1837 1757 1911 δὲ
1793 1841 1901 1912 καὶ
1937 1837 2109 1936 αὕτη

0 1964 235 2059 ιμικρή·
295 1961 504 2033 εἰπεῖν
543 1957 618 2032 δὲ
667 1957 930 2055 λέγεται
976 1959 1158 2033 τάδε.
1261 1945 1742 2059 “Πρήξασπες.
1803 1960 1981 2031 κοῖόν
2032 1984 2114 2052 με

0 2082 370 2176 ,νομίζουσι
410 2077 665 2178 Πέρσαι
702 2076 873 2151 εἶναι
910 2077 1120 2178 ἄνδρα
1155 2083 1338 2160 τίνας
1373 2105 1448 2152 τε
1484 2079 1728 2178 λόγους
1761 2080 1913 2177 περὶ
1950 2076 2115 2173 ἐμέο

3 2206 176 2273 ὄνται
199 2191 262 2287 ;”
331 2203 445 2272 τὸν
502 2197 577 2271 δὲ
630 2200 838 2273 εἰπεῖν
882 2191 1018 2276 “ὦ,
1044 2199 1356 2283 δέσποτα,
1411 2197 1493 2271 τὰ
1531 2197 1650 2294 μέν
1689 2197 1864 2272 ἄλλα
1898 2199 2116 2272 πάντα

0 2320 155 2402 ίλως
200 2319 559 2400 ἐπαινέεαι,
619 2321 706 2418 τῇ
756 2316 831 2390 δὲ
875 2319 1175 2418 φιλοινίῃ
1217 2344 1294 2391 σε
1330 2321 1497 2417 φασὶ
1547 2317 1854 2400 πλεόνως
1902 2344 2116 2417 προσ-

0 2429 184 2513 ιθαι.”
303 2441 417 2512 τὸν
478 2436 601 2534 μὲν
640 2437 725 2536 δὴ
768 2437 984 2535 λέγειν
1035 2445 1243 2512 ταῦτα
1286 2442 1441 2539 περὶ
1479 2437 1822 2539 Περσέων,
1878 2440 1991 2509 τὸν
2046 2434 2120 2508 δὲ

0 2559 242 2634 ωθέντα
296 2558 525 2633 τοιάδε
579 2555 1001 2662 ἀμείβεσθαι.
1100 2547 1136 2577 “
1152 2566 1266 2632 νῦν
1319 2558 1450 2660 ἄρα
1501 2586 1586 2656 με
1644 2560 1808 2659 φασὶ
1861 2555 2119 2658 Πέρσαι

0 2709 15 2750 ι
72 2683 548 2781 προσκείμενον
617 2680 1106 2779 παραφρονέειν
1177 2683 1284 2754 καὶ
1335 2664 1468 2754 οὐκ
1534 2679 1702 2754 εἶναι
1766 2682 2073 2777 νοήμονα
2100 2701 2115 2715 ·

34 2799 160 2900 ἄρα
193 2800 422 2899 σφέων
462 2800 526 2872 οἱ
560 2802 873 2899 πρότεροι
910 2800 1098 2898 λόγοι
1130 2802 1306 2900 ῆσαν
1342 2787 1712 2900 άληθέες.”
1792 2799 2119 2896 πρότερον

14 2919 93 3019 δὴ
130 2918 259 3020 ἄρα
298 2917 618 3020 Περσέων
655 2921 717 2991 οἱ
754 2918 1092 3018 συνέδρων
1128 2920 1377 2994 ἐόντων
1427 2921 1535 2994 καὶ
1574 2916 1871 3019 Κροίσου
1907 2919 2118 3016 εἴρετο

0 3039 231 3140 ιβύσης
268 3042 450 3122 κοῖός
485 3066 586 3121 τις
621 3037 844 3112 δοκέοι
874 3036 1049 3139 ἀνὴρ
1082 3038 1252 3112 εἶναι
1280 3042 1448 3139 πρὸς
1481 3042 1594 3112 τὸν
1634 3037 1892 3138 πατέρα
1928 3036 2117 3110 τελέ-

1 3155 236 3259 Κῦρον,
297 3162 360 3233 οἱ
411 3159 488 3233 δὲ
535 3156 898 3260 ἀμείβοντο
935 3161 1032 3240 ὡς
1068 3161 1172 3258 εἴη
1213 3157 1503 3254 ἀμείνων
1542 3164 1659 3232 τοῦ
1695 3161 1981 3258 πατρὸς·
2039 3155 2122 3229 τά

3 3277 78 3378 ὰρ
113 3278 368 3352 ἐκείνου
403 3281 621 3353 πάντα
657 3276 840 3375 ἔχειν
876 3278 1075 3351 αὐτὸν
1112 3281 1221 3352 καὶ
1252 3279 1754 3379 προσεκτῆσθαι
1785 3274 2117 3374 Αἴγυπτόν

152 3516 228 3571 ὅτι
265 3517 365 3586 τὴν
400 3515 535 3587 ἱερὸν
569 3516 717 3570 νόσον
753 3513 1041 3590 Καμβύσης
1077 3516 1241 3573 ἐνόσει
1287 3517 1377 3571 καὶ
1411 3518 1524 3591 περὶ
1564 3519 1634 3573 ὧν
1669 3516 1742 3577 εἰς
1775 3516 1894 3577 τοὺς
1933 3515 2122 3575 ἄλλους

55 3583 246 3656 Πέρσας
271 3586 363 3639 καὶ
384 3583 695 3658 Πρηξάσπην
721 3585 1003 3658 ἐξήμαρτεν

56 3744 105 3794 2.
133 3740 334 3796 Pollux
361 3739 419 3794 11
444 3742 529 3793 32.
570 3740 814 3796 Bekkeri
840 3741 1049 3795 Anecd.
1077 3757 1130 3812 p.
1152 3743 1235 3793 95.
1265 3772 1333 3782 -
1363 3743 1440 3794 18.
1475 3741 1719 3796 Bekkeri
1745 3741 1950 3797 Anecd.
1981 3759 2032 3812 p.
2055 3742 2122 3792 99

1 3940 12 3951 .
51 3895 219 3965 phaofi
240 3913 364 3950 κοτε
388 3894 446 3950 σὺ
471 3897 701 3962 ΑΒΟΡ,
747 3896 920 3964 μέντοι
944 3895 1063 3950 κότε
1088 3896 1146 3950 σὺ
1174 3898 1226 3961 d,
1269 3896 1442 3966 μέντοι
1468 3896 1528 3951 σύ
1553 3915 1671 3950 κοτε
1697 3899 1771 3959 R,
1814 3898 1907 3967 μὲν
1940 3896 2127 3966 ὃήκοτε

0 3981 8 4016 :
47 3968 70 4030 11
115 3967 164 4019 2.
201 3964 489 4037 ἐνπηδῆσαι
512 3969 587 4031 Α,
617 3964 887 4032 ἐμποδίσαι
913 3965 952 4019 d
992 3967 1016 4031 Ι]
1075 3968 1125 4019 4.
1168 3966 1510 4027 οἰκειοτάτους
1537 3968 1594 4020 R
1652 3970 1675 4031 ΙΙ
1734 3969 1782 4019 5.
1823 3965 1984 4021 ἔωθεν
2012 3967 2122 4029 Ra,

0 4050 21 4084 ε
42 4036 204 4090 ABG
239 4037 264 4100 ΙΙ
311 4039 362 4088 6.
396 4036 532 4089 κακὰ
558 4052 662 4089 om.
692 4036 891 4089 ABCd
933 4037 955 4100 ΙΙ
1003 4034 1079 4096 ἐκ]
1106 4034 1195 4089 καὶ
1220 4034 1281 4089 ἐκ.
1306 4037 1362 4088 R
1408 4039 1431 4101 ΙΙ
1481 4039 1529 4089 7.
1571 4035 1911 4105 οὐνομάζουσι
1941 4036 2058 4091 CPz
2104 4039 2126 4099 ΙΙ

0 4121 34 4154 ιν
53 4122 127 4157 τοι
151 4106 223 4167 Β,
255 4101 315 4157 οὔ
340 4122 427 4156 νυν
449 4123 528 4158 τοι
553 4106 648 4169 Pz,
679 4103 738 4159 οὐ
763 4109 851 4157 νῦν
874 4120 924 4157 τι
949 4106 1003 4170 d,
1032 4104 1091 4159 οὐ
1115 4110 1204 4159 νῦν
1227 4123 1308 4157 τοι
1334 4106 1391 4157 R
1439 4107 1463 4170 ΙΙ
1522 4108 1573 4160 9.
1612 4104 1677 4158 τὰ
1701 4104 1759 4158 δὲ
1785 4104 1838 4165 ἐς
1863 4105 2061 4160 ABCd
2105 4107 2128 4170 n

0 4171 129 4225 ιῦτὸν
153 4174 311 4226 εἰπεῖν
338 4174 380 4227 cl
453 4177 474 4238 n
562 4177 640 4226 ll.
681 4172 833 4245 ἐσεφό
868 4191 918 4225 εε
939 4172 1130 4228 Naber
1211 4175 1233 4239 n
1320 4176 1399 4225 12.
1438 4175 1528 4227 καὶ
1554 4192 1661 4229 om.
1693 4175 1768 4229 Pz
1837 4176 1859 4240 ΙΙ
1942 4176 2020 4227 13.
2062 4173 2127 4243 δὴ

0 4257 19 4293 e
54 4258 107 4295 et
150 4244 172 4308 ΙΙ
237 4243 318 4295 14.
361 4243 481 4312 ἐμεῦ
509 4243 565 4298 R
625 4245 647 4308 u
710 4243 790 4295 16.
832 4190 1085 4298 ἕπαινέεαι
1111 4243 1215 4297 Pz:
1248 4241 1474 4296 ἐπαινέαι
1522 4246 1545 4309 ΙΙ
1594 4243 1875 4317 φιλονεικίῃ
1900 4262 1960 4313 qz
2006 4246 2028 4307 ΙΙ
2077 4260 2131 4296 σε

102 4312 193 4365 ;σέ
216 4328 339 4383 φασι
387 4313 410 4376 ss
453 4311 783 4379 προσκεῖσθαι
809 4314 866 4367 R
912 4314 936 4379 11
995 4313 1075 4365 18.
1115 4317 1326 4366 τοιαῦτα
1352 4314 1400 4372 d,
1431 4312 1600 4366 τοῖσδε
1627 4314 1761 4369 PRz
1808 4315 1830 4379 ΙΙ
1876 4312 1975 4382 ἄρα
2000 4313 2057 4365 R
2103 4314 2126 4377 ΙΙ

0 4379 196 4453 aot-1²2:
229 4379 294 4448 μέ
318 4399 440 4452 φασι
497 4386 519 4447 ΙΙ
577 4380 767 4452 Πέρσαι
793 4400 902 4436 om.
930 4401 958 4435 z
1015 4385 1038 4448 u
1100 4382 1182 4434 19.
1223 4381 1345 4453 οἴνῳ
1372 4400 1478 4435 om.
1507 4381 1565 4433 R
1623 4384 1645 4447 ΙΙ
1704 4381 2131 4451 προσκεισόμενον

0 4460 4 4510 ι
43 4448 121 4527 21.
159 4447 210 4502 οἷ
233 4451 271 4503 d
316 4452 339 4515 ΙΙ
389 4452 471 4504 22.
511 4451 539 4505 ὁ
564 4451 833 4575 καμβύσης
860 4452 917 4505 R
963 4453 986 4517 ΙΙ
1033 4450 1200 4504 δοκέει
1225 4452 1287 4505 dz
1340 4454 1362 4517 ss
1417 4451 1634 4519 τελέσαι]
1663 4451 1876 4504 καλέσαι
1901 4451 2126 4505 OPcorr.

0 4525 96 4571 unt
116 4516 330 4588 Negris.
371 4536 440 4572 an
466 4520 663 4574 εἰκάσαι
744 4523 767 4586 ΙΙ
814 4522 897 4574 24.
937 4518 1353 4593 προσκτήσασθαι
1379 4520 1435 4573 R
