3059 5125
671 298 789 361 188
1608 297 2015 358 —B—

555 481 636 543 80
661 476 940 570 πρώτην
1001 475 1103 543 καὶ
1163 474 1421 570 μούνην
1488 477 1675 569 σφίσι
1733 471 2068 568 γενέσθαι.
2195 471 2651 570 συμφέρονται
2704 468 2775 541 δὲ
2824 471 2901 540 καὶ

661 592 815 664 τόδε
851 589 1019 663 ἄλλο
1061 586 1404 690 Αἰγύπτιοι
1442 579 1808 692 Ἑλλήνων
1850 593 2154 686 μούνοισι
2192 589 2802 685 Λακεδαιμονίοισι·
2858 590 2901 657 οἰ

663 715 980 811 νεώτεροι
1038 712 1260 784 αὐτῶν
1311 713 1481 785 τοῖσι
1528 712 2041 814 πρεσβυτέροισι
2084 711 2652 809 συντυγχάνοντες
2699 711 2903 783 εἴκουσι

663 839 788 931 τῆς
824 831 983 904 ὁδοῦ
1022 833 1129 903 καὶ
1164 830 1606 930 ἐκτράπονται
1642 834 1750 905 καὶ
1785 832 2047 906 ἐπιοῦσι
2096 831 2164 912 ἐξ
2196 830 2407 930 ἕδρης
2442 828 2902 903 ὑπανιστέαται.

664 952 815 1024 τόδε
852 950 1078 1045 μέντοι
1113 949 1376 1023 ἄλλοισι
1410 937 1454 1047 [t
1472 948 1829 1052 Ελλήνων]
1870 951 2233 1049 οὐδαμοῖσι
2264 950 2754 1049 συμφέρονται·
2791 947 2906 1020 ἀντὶ
2947 969 2964 1012 5

664 1077 784 1144 τοῦ
839 1072 1363 1171 προσαγορεύειν
1426 1068 1774 1171 ἀλλήλους
1836 1074 1905 1146 έν
1967 1075 2126 1171 τῇσι
2190 1071 2403 1144 ὁδοῖσι
2464 1069 2907 1170 προσκυνέουσι

557 1201 626 1263 81
666 1190 1000 1271 κατιέντες
1069 1191 1268 1289 μέχρι
1334 1196 1453 1263 τοῦ
1515 1195 1841 1288 γούνατος
1900 1197 2023 1293 τὴν
2084 1196 2300 1290 χεῖρα.
2426 1190 2810 1263 ἐνδεδύκασι
2854 1187 2910 1259 δὲ

665 1310 955 1392 κιθῶνας
991 1309 1249 1391 λινέους
1295 1314 1447 1410 περὶ
1495 1311 1581 1384 τὰ
1630 1311 1877 1384 σκέλεα
1912 1310 2369 1394 θυσανωτούς,
2432 1312 2590 1392 τοὺς
2634 1310 2910 1382 καλέουσι

665 1431 1045 1529 καλασίρις·
1105 1429 1214 1502 ἐπὶ
1249 1432 1548 1504 τούτοισι
1600 1430 1676 1504 δὲ
1722 1433 1973 1531 εἰρίνεα
2029 1430 2274 1526 εἵματα
2307 1431 2511 1505 λευκὰ
2546 1429 2907 1532 ἐπαναβλη-

663 1552 778 1625 δὸν
819 1551 1160 1650 φορέουσι.
1247 1549 1329 1623 οὐ
1367 1551 1595 1645 μέντοι
1630 1550 1702 1633 ἔς
1731 1579 1808 1649 γε
1841 1552 1928 1626 τὰ
1965 1550 2074 1651 ἰρὰ
2108 1550 2462 1650 ἐσφέρεται
2493 1553 2743 1651 εἰρίνεα
2785 1546 2912 1621 οὐδὲ
2937 1571 2970 1617 ιι

663 1670 1282 1770 συγκαταθάπτεταί
1319 1696 1474 1768 σφι·
1533 1672 1612 1744 ού
1648 1671 1776 1770 γὰρ
1814 1673 2021 1747 ὅσιον.
2116 1671 2561 1769 ὁμολογέουσι
2610 1669 2691 1742 δὲ
2740 1675 2913 1743 ταῦτα

663 1793 833 1866 τοῖσι
880 1786 1261 1890 Ὀρφικοῖσι
1323 1790 1791 1886 καλεομένοισι
1850 1794 1957 1864 καὶ
2008 1788 2421 1889 Βακχικοῖσι,
2478 1790 2662 1865 ἐοῦσι
2713 1790 2786 1863 δὲ
2820 1789 2913 1861 Αἰ-

660 1915 990 2010 γυπτίοισι
1047 1912 1154 1982 καὶ
1207 1909 1724 2011 Πυθαγορείοισι
1747 1935 1761 1949 ·
1834 1911 1991 1985 οὐδὲ
2039 1911 2166 2011 γὰρ
2215 1913 2470 1983 τούτων
2520 1917 2659 1981 τῶν
2710 1910 2915 2009 ὀργίων

664 2031 1034 2130 μετέχοντα
1073 2030 1254 2103 ὅσιόν
1290 2029 1431 2102 ἐστι
1468 2030 1541 2103 έν
1580 2031 1914 2131 εἰρινέοισι
1949 2030 2178 2127 εἵμασι
2220 2030 2597 2131 θαφθῆναι.
2696 2029 2832 2102 ἔστι
2862 2025 2915 2099 δὲ

660 2154 815 2251 περὶ
851 2150 1073 2221 αὐτῶν
1111 2150 1252 2249 ἰρδς
1289 2149 1490 2248 λόγος
1524 2150 1906 2248 λεγόμενος.
2939 2166 2973 2216 15

557 2288 637 2352 82
819 2267 958 2342 Καὶ
990 2268 1153 2342 τάδε
1189 2268 1366 2346 ἄλλα
1405 2267 1821 2368 Αἰγυπτίοισί
1873 2269 2015 2344 ἐστὶ
2051 2270 2488 2371 ἐξευρημένα,
2546 2275 2699 2366 μείς
2734 2297 2803 2343 τε
2834 2271 2914 2341 καὶ

590 2485 594 2490 .
662 2390 890 2490 ἡμέρη
932 2388 1179 2488 ἑκάστη
1218 2388 1397 2462 θεῶν
1435 2391 1590 2462 ὅτευ
1626 2390 1789 2474 ἐστί,
1849 2395 1956 2464 καὶ
2010 2385 2097 2492 τῇ
2149 2390 2424 2473 ἕκαστος
2474 2392 2710 2492 ἡμέρῃ
2758 2392 2913 2489 γενό-

666 2535 863 2607 μενος
912 2507 1159 2582 ὁτέοισι
1206 2508 1561 2611 ἐγκυρήσει
1619 2509 1727 2584 καὶ
1783 2512 1957 2594 ὅκως
2003 2512 2389 2611 τελευτήσει
2441 2514 2550 2586 καὶ
2586 2511 2811 2594 ὁκοῖός
2840 2535 2915 2589 τις

663 2630 876 2704 ἔσται.
981 2632 1092 2701 καὶ
1144 2632 1438 2703 τούτοισι
1482 2639 1618 2703 τῶν
1658 2619 2025 2731 Ἑλλήνων
2074 2633 2137 2704 οἱ
2182 2630 2251 2703 ἐν
2305 2637 2544 2732 ποιήσι
2599 2635 2915 2730 γενόμενοι

661 2749 1067 2849 ἐχρήσαντο.
1159 2750 1408 2849 τέρατά
1452 2778 1523 2825 τε
1577 2752 1769 2825 πλέω
1821 2778 1940 2849 σφι
1987 2750 2353 2852 ἀνεύρηται
2388 2752 2434 2852 ἢ
2474 2757 2646 2826 τοῖσι
2686 2752 2975 2826 &nomn

660 2869 868 2944 ἅπασι
905 2867 1359 2969 ἀνθρώποισι·
1424 2871 1788 2970 γενομένου
1835 2870 1962 2970 γὰρ
2014 2870 2291 2971 τέρατος
2326 2871 2748 2970 φυλάσσουσι
2781 2896 2915 2970 γρα-

660 2992 944 3086 φόμενοι
980 2990 1420 3090 τώποβαῖνον,
1455 2993 1564 3062 καὶ
1598 2994 1685 3091 ήν
1723 3016 1873 3063 κοτε
1911 2989 2182 3091 ὕστερον
2216 2991 2698 3091 παραπλήσιον
2730 2992 2917 3084 τούτῳ

556 3124 636 3186 83
662 3108 958 3207 γένηται,
1019 3106 1187 3180 κατὰ
1238 3112 1453 3181 τώυτὸ
1508 3112 1854 3206 νομίζουσι
1909 3108 2407 3213 ἀποβήσεσθαι.
2529 3114 2815 3209 μαντικὴ
2860 3109 2915 3181 δέ

660 3228 920 3302 αὐτοῖσι
956 3228 1093 3301 ὦδε
1130 3229 1478 3303 διακέεται.
1572 3228 1950 3330 ἀνθρώπων
2007 3231 2129 3326 μὲν
2179 3230 2402 3304 οὐδενὶ
2453 3233 2845 3331 προσκέεται
2881 3228 2915 3323 ἡ

969 3502 1083 3628 περὶ
1120 3510 1297 3574 μηνῶν
1331 3503 1419 3555 καὶ
1454 3502 1664 3575 ἡμερῶν
1698 3502 1786 3557 καὶ
1821 3483 2159 3577 ἀστρολογίας·
2438 3503 2554 3577 περὶ
2592 3505 2817 3579 τεράτων
2847 3502 2913 3554 ui

939 3592 1022 3626 ντε
1044 3591 1116 3627 ων

867 3784 1004 3851 Bsq.
1044 3778 1369 3834 Eustathius
1395 3779 1501 3835 Od.
1533 3798 1586 3850 p.
1622 3783 1770 3834 1484.
1840 3780 1909 3835 11
1940 3799 1993 3853 p.
2030 3783 2127 3834 176

764 3958 812 4007 3.
844 3954 1039 4008 αὐτέων
1064 3973 1092 4007 z
1125 3956 1148 4019 ΙΙ
1191 3956 1237 4006 5.
1269 3953 1489 4007 ἅλλοΗ.
1505 3952 1831 4039 Stephanus.
1865 3958 1979 4009 ‘aut
2003 3954 2207 4009 ἅλλοΙε
2280 3954 2451 4008 ndum
2476 3961 2571 4009 aut
2592 3945 2912 4010 ἅλλοισιοὸό,

659 4025 693 4079 ἰ.
719 4042 767 4078 e.
798 4013 921 4077 obri
938 4023 1139 4077 ἄλλοισι
1163 4020 1321 4076 οὔτε]
1347 4023 1571 4077 Bekker
1611 4025 1634 4088 ΙΙ
1674 4017 1835 4093 Ελλή
1800 4023 1939 4093 ήνων
1965 4024 2161 4078 seclusi
2268 4026 2319 4077 6.
2357 4030 2492 4077 τοῖσι
2517 4044 2545 4077 z
2590 4028 2614 4089 Ι
2662 4026 2713 4075 8
2752 4022 2929 4077 δοσιν

656 4093 900 4152 νωτοὺςει
956 4095 979 4157 ΙΙ
1039 4091 1204 4151 οὓςΙ,
1266 4095 1289 4158 ΙΙ
1359 4093 1436 4144 11.
1479 4095 1859 4163 oqnvABou
1918 4093 1946 4147 ὁ
1951 4093 2112 4163 μογολ
2115 4092 2310 4147 ίειΒά
2364 4095 2388 4159 n
2460 4095 2539 4146 12.
2737 4096 2915 4145 ικοὶοι-

658 4160 975 4235 Αἰγυπτίοισι
1007 4178 1115 4215 om.
1147 4162 1315 4217 ABG
1386 4163 1409 4227 Β
1495 4163 1575 4213 13.
1620 4113 1989 4234 πυθαγορίοισι
1999 4112 2239 4218 AB¹PR
2318 4164 2343 4228 ΙΙ
2430 4164 2511 4217 14.
2553 4165 2660 4218 ἐστι
2754 4162 2913 4228 liert*

661 4267 718 4319 R
764 4268 787 4330 ΙΙ
834 4264 1141 4335 εἰριναίοισιν
1171 4266 1219 4319 0
1262 4266 1284 4328 ΙΙ
1343 4263 1413 4318 θα
1452 4270 1575 4333 ῆναι
1606 4266 1666 4331 Ο,
1692 4283 1796 4337 ταφ
1834 4284 1917 4318 ναι
1944 4266 2041 4320 Ra
2094 4269 2118 4331 11
2182 4266 2263 4317 16.
2303 4285 2418 4334 μεις
2444 4268 2544 4321 Ra
2595 4268 2619 4332 Ι
2684 4268 2762 4318 17.
2800 4262 2909 4317 ὅτευ]

660 4332 853 4390 obeso
901 4337 924 4399 ΙΙ
994 4335 1073 4388 18.
1112 4333 1401 4388 τέοισιΑΒ
1506 4337 1529 4398 ΙΙ
1596 4335 1675 4385 19.
1717 4271 1993 4458 ποιὶσὲιὶ
2050 4338 2073 4401 ΙΙ
2132 4337 2217 4387 20.
2257 4337 2604 4406 ovaBRd
2654 4336 2676 4401 Ι

663 4402 837 4456 PRdz
881 4405 904 4468 u
950 4405 1035 4456 22.
1074 4403 1432 4473 τῶιποιβαῖνον
1459 4404 1509 4459 0
1548 4406 1572 4470 Ι
1621 4401 1703 4474 ἦν]
1734 4404 1780 4457 εἰ
1944 4406 1968 4471 ΙΙ
2027 4407 2112 4458 23.
2152 4406 2346 4459 τὼυτὸν
2377 4405 2425 4459 C
2473 4408 2496 4473 ΙΙ
2556 4407 2639 4458 24.
2680 4332 2914 4459 &zm

660 4489 688 4524 z
731 4473 754 4537 ΙΙ
801 4471 1070 4543 προπίεται
1095 4473 1153 4526 R
