3059 5125
529 371 646 415 LIV
1533 354 1819 409 Praefatio.

529 550 606 597 se
652 528 975 601 tutantia
1021 529 1255 626 τιάραν
1306 532 1381 601 Α
1442 530 1624 617 132,
1675 529 1907 628 τιάρας
1958 529 2010 603 Γ
2070 533 2182 604 12.
2242 528 2301 601 H
2356 533 2446 605 61
2509 542 2815 627 propter

530 657 958 730 mendosum
1007 659 1224 754 τιήρει
1283 655 1336 730 Θ
1403 660 1543 731 120
1566 714 1585 746 ,
1651 662 1849 754 quod
1900 661 1976 732 R
2020 662 2339 734 correxit
2395 664 2597 758 τιήρη
2668 663 2817 734 hoc

529 793 640 857 est
684 788 912 882 τιήρῃ,
975 786 1042 858 Ο
1084 790 1343 885 τριήρει
1393 789 1536 861 hoc
1584 797 1694 861 est
1740 791 2037 886 τριήρεϊ;
2095 798 2259 863 uter
2307 789 2549 864 verius
2600 790 2820 864 valde

529 914 981 1009 ambiguum.
1089 913 1448 1009 templum
1497 914 1945 1011 Delphicum
2001 915 2352 1018 Προνηίης
2391 911 2812 1018 Ἀθηναίης,

531 1066 751 1137 quam
800 1050 1091 1137 postera
1138 1052 1335 1118 aetas
1385 1046 1686 1120 nomine
1743 1048 1837 1118 ad
1885 1045 2181 1119 laudem
2229 1048 2635 1141 sapientiae
2687 1050 2823 1121 de-

529 1172 721 1244 flexo
771 1169 1175 1265 appellavit
1224 1170 1557 1272 Πρόνοιαν
1575 1232 1590 1256 ,
1655 1185 2260 1250 commemoratur
2304 1178 2378 1248 A
2416 1178 2549 1264 92,
2614 1177 2821 1251 idem

533 1297 583 1368 Θ
618 1301 735 1372 37.
772 1300 868 1374 39
909 1298 1250 1399 Προναίας
1286 1303 1757 1398 quinquiens.
1841 1301 2056 1402 Τεγέη
2098 1306 2339 1379 ionice
2375 1314 2452 1378 et
2485 1330 2704 1400 saepe
2738 1317 2824 1380 et

531 1437 947 1504 constanter
982 1430 1444 1517 terminatur,
1495 1441 1574 1505 at
1607 1429 1900 1532 Τιθορέα
1937 1429 1989 1503 Θ
2033 1433 2127 1507 32
2181 1435 2516 1530 quamvis
2568 1436 2649 1508 in
2693 1461 2822 1510 ea-

533 1560 699 1631 dem
736 1559 1057 1653 positum
1090 1583 1325 1633 causa.
1397 1561 1627 1657 igitur
1654 1586 1750 1635 ne
1766 1557 2129 1661 Χαράδραν
2161 1561 2529 1657 quidem&
2550 1565 2645 1637 33
2686 1591 2823 1659 per

533 1713 610 1761 se
645 1685 1156 1781 improbabile,
1205 1688 1354 1762 nisi
1391 1686 1758 1789 Χαράδρην
1796 1698 1872 1763 et
1906 1690 2150 1784 ipsum
2186 1692 2563 1786 proditum
2599 1705 2817 1767 esset.

531 1841 669 1892 nec
717 1817 952 1911 magis
993 1825 1269 1891 certum
1312 1803 1328 1831 ‘
1347 1816 1605 1917 Υδρέαν
1654 1816 1707 1890 Γ
1748 1819 1870 1906 59,
1924 1822 2119 1914 quod
2154 1821 2428 1893 eximie
2464 1822 2708 1895 effecit
2740 1824 2825 1895 R

534 1972 575 2018 e
610 1953 950 2040 corrupto
989 1942 1265 2045 Θυρέαν,
1307 1970 1404 2019 an
1427 1934 1728 2046 Ὑδρέην
1760 1947 2272 2041 praestabilius
2308 1950 2429 2034 sit,
2482 1965 2630 2046 quo
2681 1954 2824 2024 du-

533 2101 694 2149 cere
739 2075 1030 2148 videtur
1077 2072 1296 2148 lectio
1334 2072 1622 2175 Θυρέην.
1721 2072 2050 2175 Καδμήια
2080 2077 2446 2176 γράμματα
2482 2075 2541 2150 Ε
2583 2083 2702 2162 59,
2743 2093 2827 2155 at

537 2201 849 2302 Καδμείη
887 2207 1036 2299 νίκη
1077 2205 1150 2274 A
1196 2204 1336 2277 166
1389 2204 1469 2276 in
1505 2195 1917 2298 proverbiO,
1967 2206 2127 2300 ipsi'
2151 2202 2487 2301 Καδμεῖοι
2522 2210 2825 2284 sexiens

535 2333 694 2405 sine
743 2356 832 2406 ea
878 2333 1372 2408 excusatione.
1465 2336 1838 2432 ταριχηίων
1889 2335 2145 2429 scripsi
2190 2334 2254 2406 B
2309 2335 2398 2408 13
2446 2361 2579 2430 pro
2624 2363 2822 2438 ταρι-

532 2465 722 2557 χίων,
772 2468 859 2535 ut
892 2461 1182 2555 saepius
1220 2461 1735 2557 integrandum
1787 2459 1934 2535 fuit
1967 2467 2297 2563 στρατηίη
2352 2490 2484 2559 pro
2533 2443 2819 2566 στρατίη

534 2588 651 2667 vel
683 2593 997 2689 στρατιή.;
1053 2614 1191 2664 nec
1225 2615 1395 2664 vero
1430 2588 1790 2691 Ταριχείας
1816 2592 1880 2664 Β
1917 2591 2058 2666 113
2096 2593 2265 2666 ideo
2310 2596 2817 2690 suspitiosum.

533 2719 615 2792 in
651 2719 770 2793 dei
806 2718 1133 2815 Scythici
1167 2721 1466 2794 nomine
1505 2717 1983 2816 Θαγιμασάδας
2017 2718 2071 2791 Δ
2113 2723 2207 2795 59
2245 2724 2335 2796 de
2371 2724 2533 2818 ipsa
2567 2726 2823 2797 termi-

532 2849 832 2921 natione
894 2847 1114 2943 plane
1175 2857 1457 2924 constat
1473 2904 1492 2935 ‚
1558 2872 1780 2943 quam
1844 2847 2079 2923 Aldus
2154 2850 2235 2922 in
2312 2852 2440 2950 δης
2498 2855 2825 2926 mutavit

535 2987 831 3073 propter
854 2971 1386 3076 Ὀκταμασάδης
1438 2974 1493 3047 Δ
1531 2978 1653 3050 80.
1737 2966 2097 3070 Ἀλκμέων
2141 2965 2508 3073 Ἀμυθέων
2567 2979 2819 3054 Ποσει-

535 3106 707 3180 δέων
745 3131 895 3179 non
930 3108 1079 3181 iam
1115 3107 1342 3189 dubia
1376 3116 1571 3194 sunt,
1622 3130 1759 3179 neo
1793 3114 2038 3180 tamen
2089 3108 2170 3180 in
2205 3110 2516 3181 dubium
2549 3133 2822 3183 vocan-

534 3237 711 3307 dum
770 3231 1069 3309 Φιλάονα
1136 3232 1187 3307 Θ
1246 3237 1362 3307 11.
1489 3236 1736 3308 minus
1796 3238 2223 3331 repugnabo
2284 3236 2819 3332 appellativum

534 3362 764 3436 ὀπάων
817 3359 878 3437 E
931 3364 1066 3436 111
1129 3361 1712 3459 exaequantibus
1777 3389 1944 3437 cum
2003 3366 2042 3437 I
2082 3367 2178 3439 50
2228 3364 2553 3448 ὀπέωνες,
2624 3368 2665 3440 I
2718 3371 2809 3441 51

534 3489 858 3572 ὀπέωνας.
952 3489 1157 3573 Ευνός,
1200 3495 1398 3588 quod
1433 3493 1599 3588 quis
1634 3493 1914 3588 ubique
1951 3504 2345 3589 exspectet,
2394 3496 2510 3568 bis
2544 3494 2823 3593 legitur

534 3617 588 3693 Δ
633 3621 747 3694 12.
789 3616 854 3695 H
898 3620 1032 3693 53:
1089 3622 1270 3695 adeo
1306 3624 1525 3702 κοινός
1559 3620 1953 3716 praevalet.

736 3751 1287 3825 Demonstrasse
1352 3751 1689 3825 videmur
1750 3774 1903 3824 non
1950 3751 2168 3824 nimis
2228 3775 2306 3826 se
2355 3752 2819 3829 Herodotum

531 3878 959 3953 astrinxisse
1021 3877 1184 3975 lege
1248 3904 1332 3953 ac
1394 3880 1825 3954 necessitate
1874 3881 1958 3952 in
2008 3881 2435 3993 nominibus
2490 3884 2824 3959 maxime

533 4008 846 4103 propriis
895 4032 1027 4102 pro
1069 4010 1598 4083 consuetudine
1648 4008 1943 4086 dialecti
1985 4007 2542 4083 conformandis.
2643 4024 2828 4086 sunt

530 4145 907 4232 praeterea
940 4162 1091 4211 non
1126 4138 1233 4210 ita
1266 4162 1502 4233 pauca
1519 4194 1539 4226 ,
1595 4163 1783 4235 quae
1834 4137 1965 4212 ille
2009 4164 2176 4211 cum
2222 4138 2590 4235 duplicem
2626 4144 2822 4216 reci-

532 4275 794 4362 perent
844 4267 1239 4341 flexionem
1298 4276 1427 4342 aut
1475 4266 1845 4362 duplicem
1910 4268 2159 4342 statim
2206 4270 2565 4344 haberent
2614 4271 2820 4364 posi-

532 4397 810 4469 tionem
830 4452 849 4483 ,
913 4405 1222 4492 utraque
1285 4395 1492 4471 nullo
1558 4397 1977 4471 discrimine
2033 4397 2147 4471 uti
2203 4423 2356 4471 non
2415 4398 2812 4473 dubitavit.

531 4526 736 4599 cuius
772 4526 1058 4622 generis
1095 4534 1382 4619 practer
1416 4535 1655 4600 cetera
1689 4536 1799 4600 est
1832 4526 2121 4623 insigne
2158 4525 2580 4623 exemplum
2606 4530 2675 4599 A
2709 4529 2813 4604 82
