3059 5125
1157 327 1417 387 ΣΧΟΛῙΑ
2307 331 2437 395 438

174 500 347 554 ‘rom'
379 500 424 554 L
567 568 872 657 θυγατέρα
924 564 1133 656 Βήλου
1203 575 1309 636 τοῦ
1363 566 1669 656 Ἀσσυρίον
1687 621 1707 650 ,
1755 568 1790 635 ὃ
1853 571 1916 642 ἐξ
1979 565 2174 636 αὐτῶν
2356 496 2404 555 Α

568 670 807 761 τεχθεὶς
870 668 1228 761 Ἀχαιμένης
1301 670 1577 761 ἐκλήθη,
1653 671 1757 739 καὶ
1817 668 2179 760 βασιλεύσας

565 773 716 861 μετὰ
741 772 843 842 τὸν
875 772 1090 864 φάντα,
1117 773 1366 843 ἐκάλεον
1398 774 1578 844 αὐτὸν
1600 772 2046 865 Ἀχαιμενίδαν.
2084 776 2178 841 B²

127 901 198 963 p.
296 885 405 958 86,
436 884 514 942 20
561 875 927 966 ἀνέγνωσαν]
964 876 1306 947 ἀνέπεισαν.
1360 880 1425 945 Β
2212 902 2266 944 c.
2313 885 2431 945 128

443 988 522 1046 24
569 979 837 1070 ἑσσώθη]
874 980 1131 1071 ἡττήθη.
1186 985 1252 1048 Β

295 1094 404 1165 90,
440 1093 477 1148 4
568 1086 918 1175 στέγαρχος]
963 1084 997 1153 ὃ
1039 1094 1145 1153 τοῦ
1175 1086 1343 1154 οἴκου
1372 1083 1574 1175 κύριος
1604 1080 1644 1174 ἢ
1677 1081 1711 1151 ὃ
1746 1079 1954 1174 ἄρχων
1986 1086 2130 1152 στέ-
2313 1093 2430 1150 133

558 1215 690 1276 γης.
748 1191 848 1254 B²

438 1314 519 1372 20
565 1286 703 1397 σ’ἳό.
740 1312 797 1376 οἱ
828 1303 1109 1399 ἄγχιστα.
1157 1312 1219 1377 οἱ
1251 1309 1454 1399 τρίτοι.
1507 1312 1641 1376 ΑΒ
2313 1318 2427 1374 134

433 1435 514 1492 22
563 1409 701 1518 “Ji-5·
736 1428 802 1497 τὸ
835 1427 1149 1519 ἐγγύτερον
1178 1437 1297 1497 τῶν
1333 1428 1590 1518 Μήδων.
1639 1435 1707 1497 Δ

284 1541 396 1611 91,
432 1541 466 1596 4
558 1532 745 1600 κακὸν
774 1531 843 1601 τὸ
875 1531 1280 1601 διδασκάλων.
1335 1536 1430 1600 13²
2309 1542 2424 1598 135

433 1643 468 1699 5
556 1643 731 1703 τοῦτο
760 1636 852 1704 ἔτι
878 1637 1045 1727 παρὰ
1072 1639 1196 1712 τοῖς
1225 1642 1328 1703 νῦν
1358 1633 1649 1724 Τουρκοις
1675 1631 1962 1726 τηρεῖται.
2023 1638 2118 1703 B³
2220 1667 2245 1692 ο

282 1747 392 1819 99,
436 1747 511 1804 16
559 1737 922 1829 σινάμωρον.
969 1737 1273 1828 πορνικόν.
1338 1740 1441 1806 καὶ
1473 1737 1835 1829 σινάμωρος.
1895 1736 1929 1805 ὃ
1964 1737 2164 1806 κακό-
2302 1748 2420 1804 152

555 1849 797 1933 σχολος.
862 1840 1215 1933 Ἡρόδοτος.
1264 1844 1368 1909 καὶ
1426 1844 1947 1930 σιναμωρουμένη.
2011 1869 2162 1911 συν-

551 1953 712 2037 εχῶς
763 1944 936 2035 ἀνδρὶ
989 1945 1484 2022 συνουσιάζουσα.
1549 1941 1737 2023 οὕτως
1779 1943 2165 2036 Ἀριστοφά-

551 2078 681 2138 νης.
754 2053 849 2117 B³

239 2165 391 2235 100,
429 2163 465 2220 6
554 2152 697 2221 καθ’
758 2148 833 2242 ἢν
880 2151 1207 2243 Βαλτάσαρ
1267 2150 1301 2220 ὃ
1353 2150 1971 2244 Ναβουχοδονοσόρου
2020 2156 2162 2229 παῖς
2302 2161 2416 2218 153

556 2256 690 2326 κατ’
742 2260 935 2324 ἐκεῖνο
981 2263 1195 2347 καιροῦ
1238 2258 1585 2346 ἐβασίλευεν
1608 2280 1623 2295 ·
1680 2250 1752 2324 δν
1794 2256 1898 2324 καὶ
1929 2254 2162 2325 ἀνεῖλεν

549 2360 751 2451 Κῦρος
793 2360 1106 2450 χρώμενον
1137 2361 1235 2428 ἐπὶ
1276 2362 1578 2450 τραπέζης
1607 2363 1729 2437 τοῖς
1758 2359 2157 2449 ἐξἹερουσα-

547 2464 674 2553 λήμ
700 2467 981 2555 χρυσέοις
1013 2467 1192 2553 ἱεροῖς
1234 2461 1495 2532 σκεύεσι.
1544 2467 1611 2530 Β

233 2580 387 2651 101,
424 2580 460 2635 4
551 2567 878 2657 ἀναμάξας]
917 2565 1349 2659 ἀναφυράσας,
1397 2566 1716 2645 σκευάσας.
1774 2569 1840 2637 Β
2298 2576 2415 2635 155

238 2685 388 2755 104,
432 2682 504 2739 18
548 2670 892 2763 τειχήρεας]
931 2671 1061 2740 ἀντὶ
1091 2671 1237 2741 εἴσω
1263 2679 1371 2740 τοῦ
1398 2673 1653 2762 τείχους.
1696 2675 1791 2740 B³
2293 2680 2413 2739 162

235 2788 385 2860 105,
422 2786 495 2843 13
544 2780 806 2867 ἐρεῖψαι,
852 2779 923 2844 ἐκ
949 2782 1055 2844 τοῦ
1098 2777 1344 2864 ἐρείπω,
1380 2775 1506 2844 οἷον
1535 2782 1915 2866 προμαχῶνα
1958 2802 2157 2843 κατα-
2297 2784 2411 2840 164

546 2884 752 2969 βαλεῖν
781 2883 891 2948 ἕνα
919 2880 1023 2947 καὶ
1053 2878 1279 2968 οἴκημα
1308 2881 1372 2947 ἓν
1396 2881 1705 2970 ἐδαφίσαι.
1741 2875 1825 2948 ὧν
1855 2879 1922 2948 τὸ
1947 2879 2053 2966 μὲν
2086 2883 2156 2945 ἐκ

539 2992 646 3052 τοῦ
669 2987 911 3075 ἐρείπω,
937 2982 1005 3052 τὸ
1038 2984 1105 3050 δὲ
1130 2988 1200 3050 ἐκ
1232 2991 1339 3052 τοῦ
1362 2980 1519 3075 ἀρῶ,
1547 2981 1775 3073 ἀρόσω,
1810 2980 2050 3072 ἀρόσαι.
2087 2986 2153 3049 Β

233 3098 383 3170 114,
421 3095 458 3153 8
549 3086 960 3178 ἀναισιμώθη]
1026 3088 1343 3178 ἐξεχοῖσθη
1362 3140 1382 3170 ,
1447 3084 1787 3177 ἐξεφορήθη
1808 3140 1828 3169 ,
1891 3078 2147 3173 ἀνετέθη
2294 3093 2408 3148 179

538 3194 992 3260 πλινθευθεῖσα.
1028 3195 1092 3259 ἐν
1117 3185 1322 3267 ἄλλοις
1351 3187 1391 3280 ἡ
1416 3193 1572 3268 λέξις
1602 3191 1881 3279 σημαίνει
1902 3189 1971 3259 τὸ
1992 3186 2150 3279 ἡνό-

543 3300 662 3385 σθη
693 3295 798 3363 καὶ
827 3293 1207 3384 ἐδαπανήθη.
1258 3297 1325 3360 Β

227 3409 379 3482 118,
417 3410 449 3466 7
541 3399 884 3488 ἀναισίμου]
921 3397 1308 3489 ἀνεσῶριζεν,
1337 3396 1601 3467 ἀνετίθει
1620 3400 1851 3488 χέουσα
1879 3395 2047 3486 παρὰ
2074 3396 2150 3464 τὰ
2288 3404 2406 3460 185

538 3506 717 3595 χείλη
746 3510 854 3572 τοῦ
881 3511 1192 3592 ποταμοῦ,
1223 3505 1487 3571 τουτέστι
1519 3498 1926 3569 κατεδαπάνα.
1980 3503 2046 3566 Β

226 3617 380 3690 124,
417 3617 453 3674 3
544 3608 956 3696 κηλωνηίοισι]
1021 3608 1343 3697 γερανίοις.
1407 3610 1477 3673 ἐκ
1530 3612 1637 3673 τοῦ
1666 3611 1875 3694 κῆλον.
1921 3598 2143 3691 ’Ὄμη-
2287 3611 2403 3667 193

539 3738 640 3800 ρος
662 3734 677 3749 ·
726 3704 848 3778 αὖα
875 3703 1194 3799 περίκηλα.
1245 3714 1311 3777 Β

225 3822 377 3896 125,
413 3825 450 3881 4
540 3812 829 3881 κωνῶπια
887 3814 1035 3881 εἰσὶν
1090 3816 1147 3880 οἱ
1207 3820 1389 3902 ψῆνες
1446 3811 1520 3879 τὰ
1571 3809 1857 3901 γινόμενα
1909 3814 1974 3877 ἐν
2025 3811 2146 3885 τοῖς

535 3916 832 3994 ὃλόνθοις.
884 3919 1069 3986 ΔΒᾱ

414 4029 489 4088 15
537 4022 757 4110 βίκους]
797 4019 1032 4108 ἀγγεῖα.
1084 4023 1190 4086 Β2
2284 4022 2401 4081 194

219 4134 373 4208 126,
412 4137 443 4191 7
537 4127 806 4214 εἰρίνεον]
847 4121 1113 4211 μάλινον.
1169 4126 1235 4189 Β
2279 4128 2397 4183 195

221 4237 372 4311 128,
409 4239 483 4295 19
527 4226 858 4316 θώμιγγος]
896 4228 1206 4317 σπαρτίου,
1244 4228 1429 4295 λίνου.
1481 4230 1549 4293 Β
2280 4229 2395 4285 199

222 4342 372 4414 129,
417 4343 488 4398 14
537 4329 823 4421 ὖπέροισι]
860 4334 1146 4420 τριβεῦσι.
1194 4334 1261 4397 Β
2272 4332 2395 4388 200

223 4445 369 4517 133,
407 4443 444 4498 9
535 4436 841 4518 ἑσσωθείς]
880 4431 1174 4521 ἡττηθείς.
1229 4437 1296 4500 Β
2270 4435 2390 4491 207

218 4556 471 4599 Πετοᾶοίιιι
503 4556 562 4597 11.
857 4619 884 4625 ,
1916 4536 1982 4586 28
