3059 5125
1148 347 1407 405 ΣΧΟΛΙΛ

170 520 325 575 Τοῑιι.
358 521 400 576 1.

552 603 756 681 στοίκις
791 609 856 672 ἐν
887 606 1275 695 χωνευτηρίῳ
1316 609 1805 695 δοκιμασθέντος.
1854 608 2019 695 λέγει
2054 605 2155 673 τὸν

548 707 820 798 καθαρὸν
849 708 951 775 καὶ
983 706 1170 798 ἀμιγῆ
1201 708 1447 799 χρυσόν.
1498 713 1564 778 Β

2283 352 2410 415 435

2332 520 2381 577 Β

139 837 200 897 p.
251 821 393 894 169,
426 823 460 876 5
550 818 638 901 τῷ
678 813 785 900 μὲν
826 813 1038 888 θυσίας
1080 816 1523 903 προσφέρουσι,
1578 820 1667 904 τῷ
1712 815 1780 880 δὲ
1821 812 1974 903 χοὰς
2016 816 2157 880 ἐπι-
2231 838 2285 878 c.
2333 823 2409 876 44

547 918 791 1006 χέουσιν
811 967 831 997 ,
866 911 1043 984 ἅτινα
1074 918 1306 1003 μέτεστι
1338 921 1567 1006 νεκροῖς
1596 916 1962 1007 ἐπιχεόμενοι
1993 916 2152 1005 εἴδη,

551 1021 685 1106 μέλι
715 1019 819 1086 καὶ
849 1013 1074 1109 ἄλφιτα
1103 1022 1208 1088 καί
1235 1046 1368 1088 τινα
1398 1016 1583 1089 ἄλλα.
1634 1023 1806 1109 μέλι,
1839 1017 1932 1089 ὅτι
1961 1047 2156 1109 φρον-

546 1125 707 1200 τίδος
738 1121 1085 1213 ἀμοιροῦσιν
1109 1127 1166 1191 οἱ
1193 1125 1393 1213 νεκροί
1410 1147 1425 1162 ·
1459 1121 1709 1214 ἄλφιτα,
1743 1120 1835 1192 ὅτι
1856 1123 1967 1194 οὐκ
1993 1123 2155 1191 ἀνα-

547 1224 839 1315 θηλήσειν
873 1224 1155 1295 δόνανται
1183 1225 1267 1302 ὡς
1297 1226 1437 1295 οὐδὲ
1465 1228 1543 1296 τὰ
1572 1223 1819 1317 ἄλφιτα.
1866 1228 1970 1295 καὶ
2001 1222 2153 1315 αὕτη

547 1331 653 1417 μὲν
686 1328 827 1405 δόξα
843 1328 858 1352 ‘
878 1328 1191 1419 Ελλήνων,
1225 1328 1296 1399 οὗ
1319 1334 1622 1421 θεοσεβῶν
1642 1333 1708 1398 δὲ
1730 1330 1985 1420 ἀνδρῶν.
2024 1334 2157 1397 BR

244 1441 390 1512 171,
425 1442 449 1496 1
546 1435 873 1520 καταγίζει]
920 1435 1255 1502 κατακαίει.
1304 1438 1371 1501 Β

243 1544 388 1614 174,
417 1543 452 1599 2
542 1535 764 1622 ἀνεῖλε]
802 1537 1081 1626 ἔχρησεν.
1136 1540 1192 1604 Β

243 1647 388 1718 177,
419 1646 455 1703 8
546 1637 708 1728 βάρι]
741 1641 959 1729 πλοίῳ.
1009 1644 1075 1707 Β

422 1750 496 1807 13
541 1739 905 1828 τωθάζουσι]
936 1741 1295 1811 σκώπτουσι.
1332 1747 1399 1810 Β

421 1852 494 1909 18
544 1843 985 1934 ἀναισιμοῦται]
1039 1854 1142 1915 νῦν
1173 1847 1453 1935 σημαίνει
1496 1844 1722 1934 ἡλέξις
1766 1845 1833 1913 τὸ
1865 1850 2151 1914 δαπανᾶ-

543 1974 645 2016 ται
673 1949 777 2016 καὶ
821 1947 1224 2018 ἀναλίσκεται.
1277 1953 1411 2016 BR

243 2060 386 2132 179,
416 2061 451 2115 4
540 2054 951 2142 τιμωρέοντες]
991 2056 1369 2143 βοηθοῦντες.
1424 2055 1559 2119 BR

418 2163 493 2220 12
537 2153 650 2222 οὐκ
679 2154 1015 2242 ὀπωπότας]
1054 2155 1162 2225 οὐκ
1208 2154 1461 2231 ἰδόντας.
1512 2158 1649 2222 BR

240 2266 384 2337 180,
421 2265 455 2321 8
547 2260 893 2345 μελεδωνοί]
932 2262 1298 2349 φροντισταί.
1347 2262 1485 2327 BR

413 2369 493 2427 23
534 2360 911 2452 αἰελούρους]
963 2362 1131 2453 παρὰ
1172 2363 1241 2430 τὸ
1284 2366 1512 2431 αἰολεῖν
1545 2357 1680 2450 ἤτοι
1723 2365 1905 2429 κινεῖν
1935 2360 2002 2429 τὸ
2035 2355 2149 2429 οὔ·-

221 2499 228 2506 ·
543 2492 712 2554 ραιον
743 2468 983 2555 λέγεται
1013 2466 1316 2556 αἴλουρος.
1369 2468 1435 2533 Β

239 2576 382 2650 182,
418 2578 490 2632 14
539 2568 886 2656 λεπιδωτόν]
925 2569 1279 2660 φολιδωτόν.
1330 2573 1399 2636 R

241 2680 383 2753 185,
421 2681 499 2737 20
534 2677 765 2759 δεινῶς]
806 2676 1045 2750 ἱκανῶς.
1082 2671 1537 2763 πολυσήμαντός
1567 2677 1726 2742 ἐστιν
1748 2670 1790 2762 ἡ
1814 2676 1988 2749 λέξις.
2026 2701 2149 2761 ση-

541 2778 738 2865 μαίνει
791 2778 906 2867 γάρ
948 2777 1048 2846 τὸν
1106 2785 1441 2867 πανοῦργον
1461 2830 1482 2859 ,
1534 2776 1635 2846 τὸν
1678 2775 1959 2847 ἀσύνετον
1976 2830 1997 2857 ,
2049 2776 2150 2844 τὸν

541 2880 861 2971 φρόνιμον,
908 2880 1010 2949 τὸν
1051 2880 1346 2971 φοβερόν,
1393 2881 1494 2950 τὸν
1517 2882 1856 2971 ἔμπειρον,
1900 2880 2001 2949 τὸν
2033 2909 2148 2947 σο·-

541 2982 653 3074 φόν
671 3037 692 3067 ,
738 2983 840 3052 τὸν
872 2982 1306 3067 ἀκολάκευτον,
1353 2985 1456 3052 καὶ
1485 2983 1587 3052 τὸν
1619 2984 1855 3074 ἀπρεπῆ
1887 2985 2051 3074 παρὰ
2080 2984 2148 3051 τὸ

544 3089 664 3154 δέω
689 3086 756 3155 τὸ
785 3090 1015 3177 πρέπω.
1063 3089 1197 3154 BR

238 3197 381 3271 186,
417 3200 491 3255 10
540 3194 773 3281 μακρῷ]
812 3189 1236 3281 διαφερόντως.
1287 3194 1354 3258 Β

413 3302 482 3358 11
538 3295 952 3383 συρμαΐζουσι]
988 3296 1371 3383 καθαίρουσι.
1425 3295 1492 3359 Β

415 3406 488 3461 15
535 3392 756 3484 ἄλλως]
793 3395 991 3486 φύσει.
1043 3399 1321 3486 σημαίνει
1349 3391 1391 3484 ἧ
1426 3398 1580 3471 λέξις
1611 3395 1713 3462 καὶ
1741 3395 1810 3465 τὸ
1838 3395 2015 3464 πάνυ.
2068 3398 2133 3463 Β

408 3508 488 3565 20
534 3498 716 3587 οἴνῳ]
797 3508 1107 3590 σκευαστῷ
1165 3503 1235 3566 ἐκ
1290 3500 1630 3589 περινοίας,
1692 3506 1779 3588 τῷ
1838 3501 2148 3589 λεγομένῳ

540 3599 731 3693 ζόθῳ.
780 3605 1007 3691 γίνεται
1038 3604 1105 3671 δὲ
1133 3607 1204 3671 ἐκ
1233 3605 1472 3690 μέλιτος
1499 3603 1603 3671 καὶ
1633 3604 1867 3691 κρίθης.
1920 3605 2055 3673 BR

409 3713 488 3771 23
534 3710 1026 3797 τεταριχευμένον
1098 3707 1223 3774 ἐστὶ
1279 3706 1347 3775 τὸ
1408 3704 1549 3774 ἁλσὶ
1604 3708 1980 3794 πεπασμένον
2041 3707 2142 3772 καὶ

537 3807 694 3899 ἡλίῳ
722 3813 1199 3899 κατεξηραμένον
1230 3809 1333 3877 καὶ
1363 3811 1717 3900 ἐψυγμένον.
1769 3813 1904 3877 BR

243 3920 487 3994 187,15
538 3914 733 3999 Λίνον]
779 3912 888 4001 τήν
935 3917 1004 3979 ἐκ
1061 3916 1229 3982 λίνου
1279 3915 1686 4001 πεποιημένην
1739 3909 2019 4001 κιθάραν.
2082 3916 2147 3979 αἱ

541 4016 647 4103 μὲν
692 4015 808 4105 γὰρ
837 4023 955 4083 τῶν
985 4021 1256 4107 κιθαρῶν
1287 4021 1356 4085 ἐκ
1383 4018 1551 4085 λίνου
1572 4017 1746 4106 ιεἶχον
1788 4015 1895 4091 τὰς
1934 4014 2148 4104 νευρὰς

537 4114 672 4207 ἤτοι
706 4118 814 4194 τὰς
841 4119 1067 4209 χορδάς
1087 4172 1107 4202 ,
1143 4123 1212 4188 αἱ
1237 4121 1304 4188 δὲ
1340 4123 1544 4188 ἐκτῶν
1575 4120 1945 4208 προβατείων
1971 4121 2146 4186 ἐντέ-

543 4249 686 4312 ρων.
740 4225 875 4289 BR

473 4367 530 4374 .-

2332 1443 2409 1498 47

2334 1546 2411 1601 53

2332 1647 2412 1704 60

2327 2060 2406 2116 63

2327 2269 2405 2324 65

2326 2368 2406 2426 66

2326 2578 2405 2634 68

2330 2683 2401 2738 71

2327 3199 2401 3255 77

2325 3922 2400 3975 79

269 4434 347 4496 44,
378 4437 406 4481 2
448 4430 592 4484 ἅτινά
614 4433 737 4484 εἰσιν
773 4436 881 4490 τοῖς
915 4435 1116 4500 νεκροῖς
1143 4430 1197 4481 R
1240 4432 1263 4495 ΙΙ
1309 4432 1401 4493 44,
1435 4437 1463 4481 5
1491 4429 1698 4483 δύναται
1732 4432 1784 4484 Β
1830 4433 1853 4494 ΙΙ
1902 4432 1984 4491 63,
2019 4434 2047 4479 2
2088 4428 2281 4488 εἰδότας
2308 4429 2402 4497 ΒΗ

151 4499 224 4563 77,
254 4505 296 4552 4.
328 4509 612 4555 σκευαστῶν
637 4503 693 4556 Β
729 4505 752 4565 u
793 4508 836 4551 7.
869 4500 1194 4569 ἐξηραμένων
1223 4502 1277 4554 Β
1311 4503 1333 4563 Η
1374 4500 1662 4570 ἐψηγμένον
1688 4498 1746 4550 R

1989 4604 2098 4654 28*
