3059 5125
627 353 848 400 xnvm
1527 417 1543 434 .
1626 332 1914 391 Praefatio.

628 512 1023 585 rectionem
1042 565 1061 593 ‚
1113 535 1280 582 cum
1329 510 1691 584 similibus
1725 512 1805 584 in
1839 512 2170 585 ordinem
2206 522 2645 608 congregata
2659 567 2680 599 ‚
2733 509 2893 584 faci·

626 640 770 712 lius
804 640 1161 736 impetum
1198 640 1605 714 sustineant
1645 647 1779 712 τῶν
1819 639 2374 736 ἐξομαλιζόντων,
2429 641 2891 715 sentientium

627 769 903 843 scilicet
937 767 1328 864 aliquando
1365 779 1548 864 quot
1581 769 1801 842 simul
1835 769 1981 843 loci
2016 771 2507 865 attemptandi
2541 772 2719 858 sint,
2766 769 2893 841 alia

627 898 902 972 auxilio
938 899 1262 972 carentia
1299 895 1586 971 facilius
1635 899 1995 996 recipiant
2043 898 2403 973 medelam
2422 956 2440 987 ‚
2491 925 2644 973 non
2697 899 2893 972 nulla

625 1029 942 1124 denique
978 1036 1063 1100 ut
1093 1028 1372 1102 incerta
1406 1037 1628 1124 atque
1656 1029 2002 1125 ambigua
2025 1030 2292 1104 rectius
2323 1030 2617 1103 interim
2646 1039 2893 1125 pacata
3012 1087 3013 1114 2

624 1160 975 1232 sinantur.

830 1288 1112 1369 Quodsi
1146 1287 1290 1360 iam
1328 1287 1406 1360 in
1442 1288 1585 1359 hac
1612 1312 1836 1383 quam
1869 1288 2175 1362 instituo
2202 1289 2705 1384 disputatione
2732 1314 2892 1362 ano-
3012 1323 3013 1398 ᾗ

622 1416 883 1490 maliae
947 1417 1178 1512 magis
1245 1441 1465 1512 quam
1542 1416 1920 1512 analogiae
1986 1418 2289 1491 videbor
2350 1443 2648 1492 causam
2716 1420 2891 1492 tueri
3010 1403 3013 1498 l

622 1546 983 1642 pluraque
1018 1545 1332 1619 retinere
1371 1571 1592 1641 quam
1628 1549 2044 1634 emendare,
2094 1571 2208 1619 res
2242 1547 2407 1641 ipsa
2437 1548 2545 1621 ita
2580 1548 2780 1634 tulit,
2816 1559 2890 1619 ut

619 1703 757 1750 nec
804 1675 1052 1748 omnia
1099 1674 1222 1747 hic
1271 1674 1625 1771 explicari
1661 1678 2049 1758 deberent,
2107 1677 2198 1750 de
2250 1677 2519 1772 quibus
2564 1677 2758 1750 nihil
2809 1681 2888 1749 ab

620 1806 930 1879 aliorum
965 1804 1233 1876 iudicio
1269 1829 1362 1877 ne
1398 1829 1598 1877 nunc
1634 1805 1933 1901 quidem
1959 1829 2208 1879 meum
2233 1806 2591 1901 separavi,
2627 1818 2709 1880 et
2736 1830 2889 1880 vero

621 1935 949 2031 partibus
1012 1931 1452 2006 defensionis
1513 1934 1634 2008 vel
1705 1934 2003 2007 desertis
2079 1935 2321 2006 adhuc
2398 1934 2518 2009 vel
2593 1935 2889 2009 inertius

619 2063 976 2159 susceptis
1025 2087 1174 2134 non
1225 2071 1466 2156 posset
1511 2064 1719 2135 brevi
1766 2063 2220 2157 strictimque
2268 2064 2445 2137 satis
2494 2064 2678 2138 fieri.
2773 2091 2890 2137 ex-

620 2195 858 2266 ordiar
918 2202 1165 2265 autem
1227 2215 1274 2262 a
1330 2215 1595 2287 genere
1670 2192 1913 2265 minus
1974 2193 2221 2264 dubio.
2340 2193 2673 2267 eminent
2735 2192 2888 2266 soli-

619 2323 806 2396 taria
840 2322 1197 2417 quaedam
1234 2345 1365 2414 per
1398 2322 1533 2392 has
1569 2322 1913 2394 historias
1963 2322 2231 2416 passim
2276 2323 2606 2418 dispersa
2651 2323 2889 2418 epici

617 2451 843 2524 fontis
880 2476 964 2523 ac
999 2450 1283 2523 coloris.
1365 2443 1472 2521 ‘ai'
1513 2474 1645 2545 pro
1681 2452 1739 2522 εἰ
1788 2450 2110 2545 optantis
2158 2451 2385 2524 semel
2433 2452 2624 2526 dixit
2658 2453 2890 2526 Hero-

619 2585 834 2656 dotus
900 2583 928 2653 l
963 2636 981 2668 ‚
1054 2582 1187 2653 27:
1277 2578 1348 2650 αἲ
1410 2577 1538 2679 γὰρ
1617 2584 1815 2652 τοῦτο
1898 2579 2047 2653 θεοὶ
2114 2585 2471 2680 ποιήσειαν
2554 2581 2666 2654 ἐπὶ
2743 2584 2884 2653 νόον

615 2713 1027 2811 νησιώτῃσι,
1101 2707 1298 2780 locos
1359 2707 1685 2781 imitatus
1749 2709 2179 2783 Homericos
2196 2764 2216 2796 ‚
2281 2709 2516 2806 qualis
2576 2720 2695 2783 est
2756 2712 2885 2783 Od.

619 2838 697 2923 Υ,
733 2840 920 2912 236:
961 2837 1030 2911 αἶ
1064 2837 1191 2937 γὰρ
1225 2841 1445 2921 τοῦτο,
1479 2837 1664 2921 ξεῖνε,
1706 2835 1872 2920 ἔπος
1904 2836 2199 2911 τελέσειε
2236 2834 2568 2938 Κρονίων.
2638 2843 2886 2913 eadem

613 2967 1016 3062 particulae
1052 2991 1125 3038 κε
1159 2966 1344 3039 ratio
1380 2974 1524 3053 est,
1572 2990 1720 3061 qua
1766 2967 1926 3062 ipsa
1973 2991 2266 3062 quoque
2303 2991 2454 3039 uno
2489 2976 2788 3041 tantum
2818 2969 2887 3040 in

613 3098 775 3171 loeo
832 3122 1008 3170 usus
1064 3108 1174 3170 est
1225 3095 1645 3170 Herodotus
1700 3098 1768 3183 7,
1816 3095 1992 3170 159:
2046 3098 2094 3196 ἤ
2146 3122 2219 3169 κε
2272 3088 2424 3194 μέγ’
2483 3096 2797 3192 οἰμώξειε
2854 3097 2884 3166 ὁ
3004 3164 3007 3171 Α

615 3226 1006 3326 Πελοπίδης
1029 3217 1511 3322 Ἀγαμέμνων,
1567 3225 1876 3299 Homeri
1917 3235 2088 3298 ante
2135 3223 2381 3298 oculos
2415 3226 2702 3298 habens
2741 3251 2887 3301 ver-

614 3382 776 3430 sum
814 3355 903 3428 Il.
943 3352 1021 3428 H
1065 3356 1246 3427 125:
1301 3353 1349 3453 ἤ
1402 3378 1477 3425 κε
1514 3346 1668 3450 μέγ’
1716 3353 2025 3449 οἰμώξειε
2079 3353 2297 3453 γέρων
2352 3353 2702 3452 ἱππηλατα
2742 3352 2885 3453 Πη-

613 3485 802 3567 λεύς·
886 3507 1204 3580 quocum
1270 3482 1515 3554 locum
1565 3482 1925 3557 Herodoti
1985 3482 2133 3555 iam
2196 3482 2632 3556 Eustathius
2697 3509 2887 3556 com·

609 3615 897 3711 paravit
937 3639 1009 3708 p.
1054 3615 1229 3700 670,
1271 3597 1419 3684 57.’
1518 3615 1743 3686 verba
1790 3621 1966 3685 sunt
2008 3611 2392 3685 Dindorffi.
2482 3614 2609 3686 sed
2658 3635 2887 3709 genus

607 3745 852 3840 ipsum
903 3741 1124 3815 latius
1176 3748 1402 3836 patet.
1498 3740 1579 3814 οὔ
1633 3743 1696 3813 οἱ
1743 3741 1904 3815 hiat
1941 3766 2142 3815 more
2191 3742 2565 3837 epicorum
2600 3745 2675 3815 A
2720 3742 2880 3815 109.

616 3875 782 3947 132.
839 3873 903 3944 Β
953 3873 1116 3944 110.
1174 3867 1229 3941 Δ
1267 3870 1389 3942 43.
1492 3866 1932 3969 Βασιληίδεω
1982 3867 2033 3942 θ
2082 3870 2222 3943 132
2275 3894 2426 3943 non
2475 3896 2523 3942 a
2572 3869 2885 3973 βασιλέος

606 4005 734 4099 sed
786 4005 878 4074 ab
929 4001 1140 4096 epico
1190 3997 1524 4101 βασιλῆος
1558 4000 1955 4072 deductum
1990 4008 2120 4081 est,
2177 3999 2511 4073 similiter
2560 4024 2647 4073 ac
2695 3998 2884 4095 quod

604 4130 1011 4204 communis
1048 4153 1226 4202 usus
1261 4114 1538 4222 recepit
1571 4124 1943 4227 Νηρηίδων
1979 4124 2043 4199 Β
2074 4131 2198 4216 50,
2234 4153 2371 4202 nec
2406 4138 2658 4202 tamen
2691 4151 2882 4201 more

603 4261 835 4355 epi00‚
875 4258 1004 4354 qui
1034 4256 1457 4352 postulabat
1482 4253 1987 4355 Βασιληιάδεω.
2044 4258 2129 4356 ἤν
2168 4281 2572 4352 pronomen
2605 4280 2881 4353 posses-

602 4390 840 4461 sivum
891 4385 1117 4460 semel
1166 4386 1437 4481 legitur
1484 4388 1560 4458 A
1613 4387 1762 4459 205
1784 4442 1800 4468 ,
1891 4385 2069 4459 item
2120 4385 2348 4460 semel
2402 4387 2444 4458 ὅ
2491 4412 2570 4484 γε
2622 4410 2878 4482 prono-

600 4518 818 4591 minis
876 4517 1106 4590 instar
1165 4516 1228 4586 B
1290 4516 1457 4599 173,
1527 4516 1709 4613 ἦμος
1759 4511 1814 4585 Δ
1867 4516 1987 4588 28.
2118 4511 2522 4617 ἀμβολάδην
2586 4513 2641 4587 Δ
2714 4516 2875 4598 181,
