3059 5125
887 337 1271 400 ..Γ-
2102 336 2215 398 261

0 539 137 586 εατο.
228 514 336 585 ἐπὶ
377 512 823 612 Ψαμμηνίτου
872 512 947 586 δὲ
989 518 1108 585 τοῦ
1136 500 1474 608 Ἀμάσιος
1510 511 1979 614 βασιλεύοντος
2018 507 2223 610 Αίγύ-

0 661 122 707 ττου
155 636 390 731 φάσμα
426 630 842 731 Αἰγυπτίοισι
879 633 1189 731 μέγιστον
1231 634 1317 732 δὴ
1364 632 1653 730 ἐγένετο.
1742 630 2049 732 ὕσθησαν
2100 631 2225 731 γὰρ

0 754 171 855 ’ἧβαι
224 758 293 827 αἱ
337 749 730 853 Αἰγύπτιαι,
790 752 945 826 οὔτε
995 756 1318 854 πρότερον
1378 751 1649 847 οὐδαμὰ
1705 750 2018 825 ὑσθεῖσαι
2071 753 2226 826 οὔτε

0 900 222 973 στερον
262 878 338 947 τὸ
379 875 579 974 μέχρι
625 873 811 970 ἐμεῦ,
872 876 968 955 ὡς
1014 872 1282 971 λέγουσι
1334 871 1524 945 αὐτοὶ
1571 870 1893 975 Θηβαῖοι·
1970 871 2052 945 ού
2098 872 2224 974 γὰρ

0 998 41 1093 ἡ
76 993 255 1068 ὕεται
290 994 376 1067 τὰ
412 993 556 1068 ἀνω
593 1000 720 1095 τῆς
752 990 1092 1092 Αἰγύπτου
1127 996 1203 1066 τὸ
1238 994 1579 1094 παράπαν.
1683 989 1862 1064 ἀλλὰ
1914 995 2023 1065 καὶ
2072 996 2226 1068 τότε

0 1115 257 1214 σθησαν
299 1116 369 1189 αἱ
407 1111 628 1217 Θῆβαι
666 1111 930 1213 ψακάδι.
1023 1114 1085 1185 οί
1124 1112 1199 1185 δὲ
1238 1111 1497 1212 Πέρσαι
1535 1114 1755 1187 ἐπείτε
1793 1112 2222 1196 διεξελάσαν-
2255 1128 2324 1187 11

0 1262 59 1318 ες
90 1237 213 1333 τήν
252 1234 538 1335 ἄνυδρον
577 1232 794 1317 ἵζοντο
830 1232 1045 1315 πέλας
1080 1242 1215 1306 τῶν
1246 1232 1628 1332 Αἰγυπτίων
1670 1235 1765 1316 ὡς
1801 1234 2226 1336 συμβαλέον-

0 1382 76 1437 ες,
126 1356 423 1429 ἐνθαῦτα
472 1357 535 1428 οί
590 1354 927 1454 ἐπίκουροι
981 1355 1043 1426 οί
1099 1359 1217 1426 τοῦ
1272 1349 1656 1453 Αἰγυπτίου,
1715 1353 1938 1435 ἐόντες
1995 1353 2229 1454 ἄνδρες

0 1473 281 1575 Ξλληνές
330 1501 403 1548 τε
457 1479 566 1549 καὶ
622 1471 865 1573 Κᾶρες,
928 1477 1348 1572 μεμφόμενοι
1399 1476 1499 1571 τῷ
1539 1471 1735 1573 Φάνῃ
1789 1474 1889 1545 ὅτι
1939 1476 2220 1575 στρατὸν

2 1621 159 1693 γαγε
195 1583 316 1669 ἐπ’
361 1590 692 1694 Αἴγυπτον
727 1591 1125 1694 ἀλλόθροον,
1178 1593 1634 1693 μηχανέονται
1667 1603 1951 1697 πρῆγμα
1996 1594 2067 1677 ἐς
2103 1595 2224 1667 αὐ-

0 1717 56 1785 ·ον
89 1715 373 1788 τοιόνδε.
459 1718 637 1816 ἦσαν
674 1717 772 1813 τῷ
820 1711 1013 1812 Φάνῃ
1050 1714 1292 1795 παῖδες
1322 1713 1390 1787 ἐν
1426 1710 1746 1813 Αἰγύπτῳ
1784 1714 2225 1810 καταλελειμ-

0 1835 160 1908 ένοι·
236 1835 401 1916 τοὺς
452 1832 814 1933 ἀγαγόντες
870 1833 940 1916 ἐς
992 1836 1069 1906 τὸ
1122 1833 1572 1933 στρατόπεδον
1630 1836 1738 1908 καὶ
1788 1835 1860 1916 ἐς
1913 1836 2062 1933 ὄψιν
2107 1840 2228 1907 τοῦ

0 1957 193 2054 ατρὸς
247 1962 558 2055 κρητῆρα
609 1953 678 2026 ἐν
738 1955 930 2053 μέσῳ
980 1953 1276 2053 ἔστησαν
1330 1951 1732 2054 ἀμφοτέρων
1769 1962 1902 2028 τῶν
1944 1982 2226 2056 στρατο-

0 2074 199 2158 έδων,
265 2074 441 2170 μετὰ
485 2071 558 2146 δέ
610 2071 985 2172 ἀγινέοντες
1038 2073 1206 2147 κατὰ
1255 2073 1374 2148 ἕνα
1431 2072 1719 2148 ἕκαστον
1775 2081 1910 2147 τῶν
1965 2074 2223 2147 παίδων

0 2196 244 2294 σφαζον
287 2193 361 2276 ἐς
413 2196 525 2266 τὸν
577 2202 884 2296 κρητῆρα
906 2218 920 2233 ·
996 2196 1105 2269 διὰ
1153 2194 1417 2267 πάντων
1470 2194 1547 2268 δὲ
1601 2194 2046 2277 διεξελθόντες
2091 2202 2225 2266 τῶν

0 2314 202 2402 αίδων
257 2313 438 2387 οἶνόν
485 2340 560 2388 τε
607 2317 718 2387 καὶ
768 2312 950 2416 ὕδωρ
1000 2315 1358 2414 ἐσεφόρεον
1397 2314 1468 2396 ἐς
1503 2315 1724 2398 αὐτόν,
1768 2313 2121 2410 ἐμπιόντες
2156 2313 2230 2387 δὲ

0 2440 59 2507 >6
94 2434 389 2530 αἵματος
421 2435 665 2517 πάντες
700 2434 1040 2534 ἐπίκουροι
1075 2433 1254 2508 οὕτω
1291 2435 1377 2534 δὴ
1416 2434 1805 2538 συνέβαλον.
1884 2435 2117 2535 μάχης
2154 2435 2228 2508 δὲ

0 2554 327 2656 ινομένης
363 2563 693 2657 καρτερῆς
736 2555 845 2629 καὶ
897 2559 1238 2629 πεσόντων
1290 2554 1360 2638 ἐξ
1412 2554 1813 2655 ἀμφοτέρων
1849 2561 1982 2627 τῶν
2022 2580 2227 2655 στρα-

0 2676 243 2750 πτέδων
279 2675 539 2776 πλήθεϊ
571 2675 843 2749 πολλῶν
881 2675 1248 2774 ἐτράποντο
1285 2678 1347 2748 οί
1384 2673 1752 2775 Αἰγύπτιοι.

94 2796 358 2892 Θῶυμα
394 2794 470 2868 δὲ
509 2796 683 2895 μέγα
731 2793 909 2869 εἶδον
962 2795 1346 2891 πυθόμενος
1393 2794 1579 2896 παρὰ
1623 2803 1757 2868 τῶν
1800 2797 2224 2896 ἐπιχωρίων·
2262 2810 2335 2870 12

0 2925 72 2988 ὗν
122 2917 253 3018 γὰρ
320 2915 573 2991 ὀστέων
625 2915 1167 3015 περικεχυμένων
1227 2918 1438 3015 χωρὶς
1489 2915 1821 3017 ἑκατέρων
1858 2927 1991 2990 τῶν
2029 2917 2098 2990 ἐν
2138 2922 2226 3018 τῇ

0 3038 134 3136 άχῃ
175 3038 397 3135 ταύτῃ
436 3039 782 3110 πεσόντων
837 3037 1077 3136 (χωρὶς
1132 3033 1251 3130 μὲν
1301 3035 1427 3136 γὰρ
1464 3043 1599 3108 τῶν
1641 3035 1963 3136 Περσέων
2002 3037 2228 3110 ἐκέετο

0 3155 25 3228 ὶ
70 3157 299 3240 ὀστέα,
366 3159 460 3238 ὡς
511 3155 861 3257 ἐχωρίσθη
922 3149 1070 3228 κατ’
1116 3152 1351 3255 ἀρχάς,
1414 3156 1700 3255 ἑτέρωθι
1738 3158 1812 3230 δέ
1848 3166 1981 3229 τῶν
2019 3154 2224 3255 Αἰγυ-

0 3279 209 3375 τίων),
273 3277 347 3350 αἱ
401 3275 521 3371 μὲν
574 3284 709 3349 τῶν
761 3273 1081 3376 Περσέων
1134 3275 1420 3374 κεφαλαί
1490 3277 1620 3349 εἰσι
1675 3274 1996 3372 ἀσθενέες
2051 3275 2226 3349 οὕτω

252 3514 335 3568 ὅτι
370 3513 455 3568 ἐπὶ
490 3512 835 3585 Ψαμμηνίτου
871 3513 1012 3574 ὑετὸς
1048 3513 1250 3587 γέγονεν
1284 3512 1341 3576 ,ἐν
1378 3511 1624 3587 Αἰγύπτῳ
1917 3515 1992 3569 ὅτι
2026 3515 2092 3569 τὰ
2125 3523 2227 3568 τῶν

145 3582 445 3657 Αἰγυπτίων
471 3583 595 3665 όστᾶ
618 3585 917 3656 ἰσχυρότερα
937 3588 1046 3638 τῶν
1066 3583 1240 3638 ἄλλων
1345 3588 1350 3593 “

475 3728 565 3735 —-

148 3813 179 3862 2
282 3851 294 3862 .
336 3809 518 3864 Schol.
550 3809 720 3863 Arist.
749 3808 898 3862 Nub.
935 3810 1084 3861 1130.
1150 3808 1345 3863 Suidas
1370 3826 1419 3861 v.
1450 3809 1770 3889 βουλίσεται.
1819 3840 1881 3850 -
1932 3812 1983 3863 6.
2025 3810 2228 3874 Eusta-

44 3878 193 3933 thius
277 3878 390 3932 ion.
423 3879 540 3931 248.
585 3908 645 3918 —
692 3880 771 3931 14.
811 3878 944 3932 κατὰ
968 3910 997 3920 -
1026 3878 1089 3930 16
1114 3877 1309 3932 παίδων
1340 3877 1581 3933 Lextcon
1602 3836 1847 3933 ‘vindob
1875 3896 1929 3950 p.
1961 3881 2028 3932 42

50 4036 96 4086 1.
136 4034 497 4106 βασιλεύοντος
524 4035 608 4088 R:
637 4032 1023 4104 βασιλεύσαντος
1081 4034 1104 4099 11
1176 4035 1224 4086 2.
1268 4033 1332 4102 δὴ
1359 4051 1464 4087 om.
1498 4035 1557 4088 R
1613 4036 1636 4098 ΙΙ
1694 4037 1743 4089 3.
1785 4034 1837 4087 αἱ
1862 4053 1970 4089 om.
2001 4037 2148 4090 ABd
2203 4039 2225 4101 11

0 4103 266 4227 ἓῗῗῗηῖι.”
317 4106 368 4157 ‘¹'
410 4103 564 4226 ³:5²⁹:
589 4103 665 4238 ¹2?
682 4101 1936 4243 ²75²f3‘3ae2363ffl<{medkefiQrssffT'H‘G{3²⁹¹
1980 4104 2228 4227 Ἰαῗὲἲῗξῖ

0 4274 1 4279 =
42 4243 65 4309 ῃ
114 4244 195 4295 12.
236 4172 616 4308 &managam
644 4243 700 4295 R
745 4243 767 4307 11
820 4192 900 4292 1¹3.
940 4260 1042 4294 πατ
1103 4243 1147 4307 ς]
1178 4192 1362 4299 {ta-2332<
1391 4243 1447 4295 R
1486 4244 1509 4306 ΙΙ
1552 4240 1766 4314 ἔστησαν
1793 4244 1855 4296 dz
1899 4191 2055 4309 ffnfi.
2097 4243 2230 4296 κατὰ

0 4328 56 4363 m.
85 4312 124 4365 d
164 4314 189 4378 u
243 4313 328 4365 16.
367 4310 662 4383 ἐφόρεονΕ
708 4313 731 4377 11
784 4312 864 4362 17.
906 4310 1024 4364 συνέ
1058 4311 1213 4365 αλλον
1246 4311 1293 4364 0
1332 4314 1355 4376 11
1407 4312 1486 4363 18.
1529 4309 1583 4372 ἐξ
1607 4312 1796 4365 om.R
1842 4314 1865 4376 ΙΙ
1917 4313 1998 4364 19.
2039 4311 2228 4365 πλ’θει

0 4381 57 4433 B
122 4383 145 4447 11
217 4381 305 4433 20.
346 4378 532 4450 θῶυμα
557 4380 612 4433 δὲ
639 4379 707 4445 Ρ,
736 4378 924 4450 θώύμα
948 4379 1004 4432 δὲ
1030 4382 1145 4435 th
1172 4378 1361 4448 θῶυμά
1383 4398 1437 4432 τε
1461 4381 1628 4444 ABd,
1657 4378 1892 4450 θωυματι
1924 4381 1973 4436 Ο
2027 4383 2049 4446 ΙΙ
2171 4400 2227 4435 ον

0 4448 14 4500 t
80 4452 102 4515 fl
169 4448 309 4502 πυθό
435 4458 607 4520 <post
628 4449 919 4521 ἐπιχωρίων
945 4449 1001 4503 Ρ
1065 4452 1087 4515 11
1159 4449 1241 4500 21.
1282 4448 1377 4520 γὰρ
1404 4466 1510 4501 om.
1543 4449 1600 4502 R
1669 4452 1691 4515 11
1759 4447 2058 4524 κεχυμένων
2087 4451 2141 4505 R
2212 4450 2229 4517 3!

0 4520 43 4570 2.
78 4519 250 4572 κέεται
380 4521 401 4586 11
450 4519 534 4571 23.
571 4519 833 4595 καταρχὰς
857 4520 977 4576 Adz
1023 4521 1046 4587 11
1094 4520 1177 4572 24.
1221 4516 1382 4581 οὕτως
1410 4518 1466 4575 R
