3059 5125
2300 296 2423 363 481

134 471 282 533 νᾶν.
372 466 636 554 inspexi
680 489 799 554 ego
844 465 1001 534 olim
1031 468 1209 532 hunc
1237 467 1478 533 librum
1507 467 1818 533 attentius
1861 466 2246 553 repperique
2274 490 2434 534 con-

137 578 362 644 tinere
416 580 677 646 lexicon
732 581 1298 646 Tittmannianum
1357 580 1428 643 in
1483 579 1751 644 modum
1810 579 2017 645 multo
2071 580 2430 645 breviorem

140 701 554 758 contractum
598 692 882 778 satisque
926 691 1347 777 neglegenter
1388 692 1719 778 scriptum.
1818 691 2180 757 Antonium
2214 703 2431 757 autem

135 802 517 868 Tittmanni
564 826 841 870 acumen
884 805 978 869 ita
1021 804 1273 869 amoliri
1317 814 1622 869 conatum
1684 813 1784 867 est
1799 852 1818 880 ,
1883 814 1958 868 ut
1999 825 2433 888 possessorem

135 915 303 980 libri
345 937 481 981 non
525 926 852 982 auctorem
895 917 1096 981 fuisse
1140 915 1559 980 contenderet
1608 923 1693 1000 (p.
1741 915 1996 996 XLII):
2053 916 2218 984 mihi
2262 926 2427 995 tum,

139 1045 305 1091 cum
347 1049 498 1093 eum
541 1028 758 1095 locum
802 1029 876 1093 in
918 1028 1138 1093 codice
1179 1028 1309 1112 legi
1329 1076 1349 1106 ,
1397 1028 1557 1112 quid
1600 1028 1693 1092 rei
1740 1037 1910 1092 esset
1951 1049 2087 1092 non
2127 1029 2261 1093 iam
2297 1030 2432 1093 du-

139 1138 338 1203 bium
385 1150 536 1205 erat.
633 1161 787 1205 nam
830 1150 1083 1225 praeter
1127 1139 1632 1205 Ambrosianum
1698 1139 1809 1218 (M.
1864 1144 1965 1203 80.
2020 1161 2164 1226 sup.
2189 1188 2210 1218 ,
2257 1162 2423 1208 saec.

137 1251 340 1331 XIV)
389 1250 581 1316 initio
625 1252 782 1318 olim
823 1252 1195 1319 mutilatum
1239 1272 1513 1335 eamque
1543 1251 1627 1316 ob
1670 1271 1933 1316 causam
1976 1251 2169 1317 titulo
2198 1273 2433 1318 caren-

139 1374 286 1427 tem
304 1411 325 1441 ,
371 1362 602 1429 inveni
645 1365 981 1449 egregium
1007 1373 1465 1448 vetustumque
1506 1363 1705 1429 huius
1750 1364 1943 1429 lexiei
1986 1365 2432 1450 apographum

139 1475 326 1539 inter
363 1495 608 1559 paucos
661 1475 809 1542 illos
865 1476 1114 1542 codices
1170 1496 1432 1560 graecos
1489 1496 1653 1560 quos
1705 1475 1996 1559 possidet
2038 1475 2435 1543 bibliotheca

142 1586 612 1652 Universitatis
643 1588 1079 1653 Bononiensis
1095 1636 1116 1667 ‚
1166 1587 1352 1652 cuius
1379 1587 1454 1651 in
1482 1585 1696 1652 fronte
1723 1586 1818 1652 ita
1845 1588 2157 1673 scriptum
2187 1600 2426 1654 exstat:

137 1721 442 1791 ἀντωνίου
486 1683 528 1790 ἒ
580 1727 666 1806 (h.
697 1748 752 1790 e.
786 1727 1075 1814 μοναχοῦ)
1090 1776 1111 1806 ,
1145 1724 1381 1790 deinde
1403 1735 1768 1809 sequuntur
1786 1735 1941 1790 nota
1967 1725 2085 1790 illa
2112 1723 2435 1814 συναγωγὴ

135 1836 369 1909 λέξεων
416 1839 775 1924 συλλεγεῖσα
815 1817 945 1904 έιτλ.
965 1886 986 1917 ,
1033 1839 1106 1903 in
1149 1837 1330 1903 exitu
1374 1847 1592 1902 autem
1633 1837 1945 1922 leguntur
1986 1834 2315 1926 ἐτελειώθη
2365 1834 2434 1905 τὸ

135 1945 345 2036 παρὸν
389 1946 618 2022 λεξικὸν
663 1946 770 2016 σὺν
812 1951 943 2038 θεῷ
996 1944 1150 2037 ἁγίῳ
1193 1950 1257 2017 ἐν
1316 1948 1439 2016 ἔτει
1486 1950 1674 2039 ,ςψειθ
1735 1954 1845 2029 (=
1880 1956 2033 2015 1291
2087 1973 2154 2035 p.
2198 1951 2427 2034 Chr.):

135 2082 321 2146 quae
365 2062 585 2127 omnia
626 2062 710 2126 ab
753 2062 979 2127 eadem
1020 2083 1221 2127 manu
1266 2071 1439 2126 sunt.

327 2173 659 2239 Antonius
702 2173 813 2239 hic
853 2174 1218 2239 Monachus
1274 2175 1388 2259 qui
1431 2172 1630 2239 fuerit
1669 2210 1758 2222 —
1774 2223 1795 2252 ,
1857 2174 2076 2260 plures
2132 2176 2309 2241 enim
2354 2197 2432 2242 eo

139 2287 544 2371 cognomine
587 2287 975 2365 utebantur,
1024 2286 1157 2351 vid.
1206 2286 1460 2351 Fabric.
1508 2285 1671 2349 bibl.
1720 2307 1818 2369 gr.
1865 2286 1990 2351 XI.
2041 2308 2108 2372 p.
2160 2295 2279 2352 577
2330 2310 2423 2373 sq.

137 2399 342 2463 Harl.
393 2435 482 2447 —
497 2447 519 2478 ,
578 2398 895 2484 cuiusque
953 2396 1228 2476 saeculi,
1290 2419 1469 2461 nunc
1523 2417 1661 2462 non
1717 2408 1903 2462 vacat
1958 2409 2074 2463 aut
2128 2420 2291 2484 opus
2337 2412 2436 2465 est

138 2510 494 2596 exquirere
508 2560 528 2591 ‚
579 2510 635 2576 si
676 2512 873 2576 modo
903 2509 1157 2595 exquiri
1187 2519 1401 2595 potest
1442 2509 1644 2574 nullis
1675 2509 1865 2575 certis
1908 2509 2191 2577 indiciis.
2242 2511 2435 2578 vide-

137 2638 257 2688 tur
305 2623 569 2709 quidem
587 2673 608 2703 ,
655 2625 863 2689 donec
905 2622 1219 2707 liquidius
1263 2643 1363 2686 res
1394 2623 1799 2707 exploretur,
1847 2643 1982 2688 non
2012 2624 2434 2710 distinguen—

137 2738 276 2800 dus
323 2756 465 2800 esse
509 2736 591 2800 ab
638 2757 712 2801 eo
742 2736 1032 2801 Antonio
1059 2735 1384 2799 Monacho
1399 2782 1419 2812 ,
1468 2735 1655 2799 cuius
1700 2744 1911 2800 exstat
1946 2735 2238 2801 collectio
2285 2759 2436 2803 sen-

137 2847 504 2914 tentiarum
562 2848 699 2913 sive
751 2847 1240 2933 gnomologium
1287 2844 1567 2913 Μέλισσα
1604 2847 1914 2931 inscripta
1929 2895 1950 2926 ‚
2012 2847 2084 2911 in
2129 2848 2437 2915 editioni-

139 2962 278 3025 bus
323 2960 523 3045 vulgo
567 2981 715 3025 cum
772 2959 1011 3044 eclogis
1066 2958 1134 3024 S.
1184 2959 1458 3023 Maximi
1502 2957 1913 3023 confessoris
1971 2960 2318 3026 coniuncta
2361 2984 2437 3026 ac

141 3072 430 3138 confusa
496 3071 650 3156 (vid.
697 3071 978 3136 Ritsehl.
1032 3092 1252 3155 opusc.
1305 3070 1339 3134 1
1381 3093 1449 3155 p.
1489 3076 1607 3134 731
1646 3088 1740 3154 sq.
1796 3076 1919 3134 835
1967 3073 2175 3158 sqq),
2236 3071 2435 3157 idque

139 3185 204 3250 si
252 3194 428 3250 recte
472 3189 789 3252 statuatur
802 3232 823 3262 ‚
869 3205 1006 3247 non
1050 3182 1221 3246 ultra
1266 3182 1600 3247 saeculum
1644 3192 1942 3247 octavum
1973 3181 2434 3267 deprimendus

141 3318 298 3363 esse
351 3296 502 3381 (vid.
554 3296 803 3361 Fabric.
856 3295 1018 3359 bibl.
1067 3315 1162 3380 gr.
1214 3293 1382 3359 VIII
1425 3315 1492 3377 p.
1549 3300 1667 3356 744
1702 3295 1858 3378 sq.).
1948 3293 2145 3359 lexici
2188 3307 2429 3376 autem,

142 3409 332 3495 quod
397 3409 541 3473 eius
609 3407 862 3473 nomini
920 3404 1288 3471 addiximus
1302 3453 1322 3483 ‚
1392 3404 1601 3468 tribus
1668 3404 1884 3470 adhuc
1936 3406 2095 3472 locis
2161 3408 2436 3494 contigit

139 3521 534 3587 memoriam
575 3519 905 3604 indagare.
1000 3518 1073 3582 in
1128 3517 1346 3582 codice
1392 3515 1632 3582 Suidae
1646 3565 1667 3595 ‚
1727 3516 1843 3602 qui
1896 3517 2024 3582 fuit
2067 3518 2223 3584 olim
2266 3521 2438 3585 inter

141 3634 494 3699 Nanianos
560 3652 831 3697 numero
897 3628 1243 3695 CCXCIX
1317 3628 1465 3714 (vid.
1528 3628 1928 3713 Mingarellii
1986 3630 2172 3695 catal.
2244 3631 2429 3697 codd.

144 3746 443 3812 Nanian.
507 3750 575 3830 ρ’.
629 3746 772 3828 500)
800 3791 820 3821 ,
887 3743 958 3806 in
1018 3740 1247 3807 ultimo
1311 3738 1469 3805 folio
1524 3740 1777 3805 notavit
1828 3740 1989 3806 haec
2043 3764 2210 3826 quae
2266 3744 2437 3808 infra

143 3858 350 3946 posui
403 3857 600 3922 homo
652 3855 856 3939 aliqui
913 3852 1262 3939 Byzantini
1317 3853 1492 3917 aevi:
1546 3849 1747 3926 λεξικὰ
1796 3847 2169 3940 εὖρίσκονται
2217 3858 2430 3922 ταῦτα.

141 3965 560 4043 πολοδεόκους
587 3971 693 4035 τοῦ
724 3963 994 4056 ῥήτορος.
1045 3964 1345 4032 ὃιονυσίου
1373 3968 1479 4031 τοῦ
1509 3958 2000 4052 ἁλικαρναοσέως
2045 3965 2131 4050 (h.
2168 3986 2223 4031 e.
2260 3967 2437 4032 Aelii

147 4081 513 4167 Dionysii).
593 4075 863 4168 εὖὸήμου
916 4082 1024 4145 τοῦ
1080 4072 1349 4165 ῥίτορος.
1443 4072 1822 4143 ἀντωνίου
1880 4081 2253 4166 μοναχοῧ.
2330 4083 2436 4146 τοῦ

147 4192 593 4281 θεοσαλονίκης
635 4196 822 4280 κυροῖ)
865 4186 1205 4258 sacramen.
1295 4192 1403 4255 τοῦ
1455 4187 1688 4254 σουίδα.
1747 4192 1854 4254 τοῦ
1907 4183 2083 4275 ἁγίου
2124 4189 2429 4278 neptunu.

141 4302 520 4397 ἧρωὸιανός.
569 4299 901 4392 ἄμμόνιος.
950 4296 1265 4376 ὃιονόσιος.
1315 4299 1590 4387 ῥωκανίς.
1639 4300 1712 4365 in
1755 4299 2043 4385 catalogo
2086 4302 2437 4368 bibliothe-

144 4444 264 4487 cae
309 4419 672 4485 Vossianae
715 4438 784 4501 p.
821 4422 943 4480 402
989 4424 1380 4480 memoratur
1435 4411 1710 4478 Leaeccon
1760 4411 1989 4499 Gyrali
2043 4413 2439 4500 compositum

254 4537 513 4583 madon·
539 4537 598 4582 11.
1957 4518 2018 4569 31
