3059 5125
603 331 995 395 -Δ-
1822 335 1938 396 371

44 501 357 576 Σκυθέων
408 508 610 606 ἡμεῖς
675 508 737 579 οἱ
792 505 986 580 ἄλλοι
1039 509 1475 602 νενομίκαμεν
1530 509 1638 579 καὶ
1692 506 1947 600 ὀνομά-

0 626 162 705 »τοὺς
197 624 495 699 σκυθιστὶ
523 614 1034 724 Ἀριμασπούς·
1093 624 1302 725 ἄριμα
1355 625 1480 725 γὰρ
1531 625 1601 698 ἓν
1638 626 1948 699 καλέουσι

0 749 159 816 σποῦ
196 742 271 816 δὲ
309 743 686 841 ὀφθαλμόν.

0 867 282 963 [είμερος
319 862 394 936 δὲ
430 863 603 964 αὕτη
643 866 693 964 ἡ
732 867 1227 964 καταλεχθεῖσα
1276 872 1465 941 πᾶσα
1515 872 1713 966 χώρη
1774 866 1951 938 οὕτω
1976 873 2058 935 28

0 988 85 1063 τί,
140 982 307 1055 ἔνθα
358 986 517 1064 τοὺς
570 983 690 1080 μὲν
739 986 914 1058 ὀκτὼ
950 994 1085 1057 τῶν
1126 994 1360 1086 μηνῶν
1415 985 1765 1086 ἀφόρητος
1814 985 1953 1066 οἶος

0 1105 233 1202 ρυμός,
272 1102 341 1175 ἐν
380 1107 551 1177 τοῖσι
589 1104 770 1205 ὕδωρ
804 1105 1044 1203 ἐκχέας
1075 1108 1298 1206 πηλὸν
1337 1107 1415 1180 οὐ
1456 1111 1783 1205 ποιήσεις,
1818 1111 1952 1204 πῦρ

0 1227 127 1295 §mv
161 1227 473 1322 ποιήσεις
505 1225 732 1322 πηλόν
763 1249 776 1264 ·
829 1227 877 1324 ἡ
917 1224 991 1297 δὲ
1024 1226 1343 1300 θάλασσα
1388 1231 1721 1325 πήγνυται
1770 1229 1878 1297 καὶ
1917 1226 1951 1295 ὃ

0 1369 35 1424 ς
66 1346 203 1424 πᾶς
235 1343 270 1412 ὃ
310 1339 709 1442 Κιμμέριος,
765 1346 875 1416 καὶ
910 1345 1021 1418 ἐπὶ
1057 1352 1176 1418 τοῦ
1215 1346 1630 1446 κρυστάλλου
1669 1347 1729 1417 οἱ
1767 1346 1957 1426 ἐντὸς

0 1462 238 1538 Σκύθαι
297 1465 773 1563 κατοικημένοι
828 1467 1296 1563 στρατεύονται
1352 1467 1460 1537 καὶ
1526 1463 1644 1545 τὰς
1700 1464 1959 1560 ἁμάξας

0 1608 116 1657 »υσι
152 1584 372 1683 πέρην
408 1584 481 1666 ές
516 1585 675 1666 τοὺς
708 1584 1005 1666 Σίνδους.
1086 1583 1261 1657 οὕτω
1302 1583 1424 1679 μὲν
1463 1584 1549 1683 δὴ
1586 1587 1744 1666 τοὺς
1782 1585 1958 1656 ὀκτὼ

0 1703 284 1778 ιατελέει
338 1707 595 1803 χειμὼν
647 1705 801 1787 ἐών,
866 1705 1023 1785 τοὺς
1075 1692 1136 1776 δ’
1202 1705 1586 1785 ἐπιλοίπους
1634 1703 1962 1802 τέσσερας

0 1824 181 1898 ’πόθι
215 1826 377 1900 ἐστί.
463 1830 866 1924 κεχώρισται
904 1822 979 1895 δὲ
1015 1823 1208 1905 οὗτος
1247 1825 1282 1896 ὁ
1317 1826 1575 1922 χειμὼν
1609 1826 1767 1905 τοὺς
1802 1827 1959 1923 τρό-

0 1972 46 2016 τι
78 1949 256 2018 τοῖσι
291 1944 362 2017 ἐν
404 1944 666 2019 ἄλλοισι
714 1948 1023 2043 χωρίοισι
1064 1944 1473 2042 γινομένοισι
1520 1951 1832 2042 χειμῶσι,
1889 1944 1960 2016 ἐν

0 2063 120 2159 μὲν
179 2067 442 2165 ὡραίην
494 2065 613 2136 οὐκ
662 2063 762 2137 ὕει
815 2065 1018 2163 λόγου
1055 2065 1233 2145 ἄξιον
1277 2065 1492 2148 οὐδέν,
1535 2065 1612 2135 τὸ
1650 2064 1723 2137 δὲ
1758 2064 1961 2162 θέρος

10 2182 218 2276 ἀνίει·
276 2184 546 2286 βρονταί
579 2209 652 2256 τε
687 2186 868 2283 ἦμος
898 2185 984 2283 τῇ
1023 2182 1204 2283 ἄλλῃ
1243 2189 1558 2282 γίνονται,
1596 2189 1963 2283 τηνικαῦτα

0 2309 325 2403 γίνονται,
384 2304 623 2402 θέρεος
680 2303 754 2376 δὲ
809 2302 1275 2402 ἀμφιλαφέες·
1351 2303 1436 2403 ἢν
1490 2303 1569 2376 δὲ
1630 2312 1965 2401 χειμῶνος

0 2425 276 2524 ἴένηται,
332 2427 430 2505 ὡς
476 2423 679 2523 τέρας
723 2426 1102 2518 νενόμισται
1157 2423 1668 2518 θωυμάζεσθαι.
1760 2426 1854 2504 ὣς
1890 2423 1964 2496 δὲ

0 2545 232 2640 εισμὸς
265 2543 560 2643 γένηται,
600 2545 688 2643 ἦν
728 2570 800 2616 τε
834 2543 1074 2642 θέρεος
1108 2546 1195 2644 ἤν
1234 2570 1306 2616 τε
1342 2545 1698 2642 χειμῶνος,
1756 2543 1826 2616 ἐν
1876 2545 1964 2643 τῇ

15 2665 226 2764 τέρας
259 2667 656 2760 νενόμισται.
753 2661 939 2736 ἵπποι
977 2663 1052 2737 δὲ
1091 2662 1486 2762 ἀνεχόμενοι
1536 2665 1813 2764 φέρουσι
1851 2665 1963 2734 τὸν

19 2791 284 2868 τοῦτον,
336 2786 605 2883 ἡμίονοι
657 2782 733 2854 δὲ
770 2782 928 2855 οὐδὲ
966 2782 1105 2855 ὄνοι
1143 2783 1265 2856 οὐκ
1302 2781 1664 2883 ἀνέχονται
1723 2781 1965 2883 ἀρχήν.

0 2906 118 3003 ιλῃ
159 2903 347 2977 ἵπποι
400 2902 518 2999 μὲν
569 2903 640 2976 ἐν
693 2904 930 3002 κρυμῷ
972 2903 1293 2984 ἑστεῶτες
1330 2901 1964 3000 ἀποσφακελίζουσι,

0 3027 85 3097 ιαὶ
121 3026 392 3124 ἡμίονοι
443 3021 823 3120 ἀνέχονται.
917 3022 1132 3095 δοκέει
1187 3024 1260 3096 δέ
1317 3050 1432 3117 μοι
1487 3026 1595 3095 καὶ
1648 3026 1723 3093 τὸ
1776 3021 1972 3120 γένος
1997 3035 2078 3097 29

0 3172 44 3216 ,ν
79 3145 160 3215 τὸ
200 3143 394 3215 κόλον
435 3141 544 3215 διὰ
584 3147 796 3214 ταῦτα
832 3140 913 3213 οὐ
950 3145 1140 3240 φύειν
1191 3142 1390 3243 κέρεα
1440 3141 1699 3214 αὐτόθι.
1796 3168 1969 3241 μαρ-

56 3293 174 3362 μοι
211 3266 300 3363 τῇ
337 3267 580 3361 γνώμῃ
622 3264 728 3335 καὶ
755 3250 1072 3361 Ὃμήρου
1109 3261 1272 3343 ἔπος
1305 3262 1377 3335 ἐν
1408 3256 1771 3361 Ὀδυσσείῃ
1812 3261 1971 3358 ἔχον

0 3660 38 3711 1.
82 3639 409 3694 Eustatbius
434 3639 600 3692 Dion.
620 3640 716 3719 ⁶3¹.
763 3667 830 3676 —
880 3641 927 3690 5.
968 3638 1088 3696 τοὺς
1115 3638 1209 3707 μὲν
1235 3668 1262 3677 -
1290 3639 1320 3688 8
1346 3634 1416 3691 K:
1463 3637 1637 3719 μέριος
1662 3644 1718 3690 et
1749 3639 1827 3690 11.
1857 3638 1975 3696 τοὺς

0 3716 9 3761 2
46 3708 154 3764 ἐστί
197 3708 520 3763 Eustathius
563 3708 726 3761 onn.
770 3709 886 3759 669.
979 3736 1038 3745 —
1138 3710 1165 3758 7
1203 3725 1285 3777 sq.
1342 3707 1422 3760 Ge
1448 3707 1552 3761 ltus
1594 3706 1755 3760 XVII
1799 3709 1847 3758 8.
1912 3735 1973 3745 —

0 3805 21 3833 ι.
53 3782 176 3846 372,
203 3782 232 3830 4
264 3779 408 3832 idem
438 3777 543 3830 od.
573 3795 627 3847 p.
661 3779 791 3829 1485

0 3952 246 4021 ιμάζομεν
275 3951 430 4004 Csz
496 3954 520 4015 11
590 3953 638 4002 2.
679 3949 862 4008 αὐτοὺς
888 3966 997 4003 om.
1025 3948 1079 4000 R
1149 3952 1172 4013 11
1243 3950 1291 4000 3.
1329 3949 1416 4001 τὸν
1444 3948 1713 4020 ὀφθαλμὸν
1740 3949 1860 4003 ΟΡε
1950 3951 1973 4015 11

4 4024 66 4075 dz
146 4024 171 4086 11
253 4023 303 4073 6.
353 4020 590 4091 ’κρυμμὸς
621 4019 675 4070 R
750 4022 772 4085 11
854 4024 903 4070 8.
954 4021 1064 4083 τοῦ]
1103 4019 1288 4071 τούτου
1322 4023 1412 4071 τοῦ
1451 4019 1507 4070 R
1587 4022 1611 4083 11
1690 4018 1977 4090 κρυστάλου

12 4089 292 4162 τάφρηςΒ
337 4091 360 4155 11
407 4089 604 4157 ἀμάξας
630 4088 683 4141 R
729 4092 751 4154 11
814 4090 891 4139 10.
934 4087 1077 4157 πέριν
1104 4090 1158 4141 Β
1205 4090 1227 4152 11
1278 4085 1488 4146 Σίνδους
1516 4088 1782 4141 Horstem
1813 4087 1979 4146 ινδους

0 4158 242 4229 §reliqui
315 4160 337 4223 11
411 4159 488 4211 11.
532 4158 676 4211 ὃὲᾶι
742 4161 768 4223 11
836 4156 1079 4227 τέσσαρας
1111 4158 1210 4210 CR
1291 4160 1313 4221 11
1402 4158 1481 4209 12.
1522 4156 1670 4214 οὗτος
1698 4175 1801 4209 om.
1839 4159 1894 4209 R
1961 4159 1980 4224 11

0 4229 120 4281 σιΙί
189 4231 213 4292 11
288 4229 367 4278 15.
411 4226 550 4280 ὖονε
619 4230 641 4292 11
717 4229 798 4278 16.
838 4225 990 4297 θέρος
1017 4227 1073 4277 R
1144 4230 1166 4290 11
1241 4226 1322 4277 17.
1361 4225 1694 4295 θωμάζεσθαι
1719 4226 1974 4288 AB¹0R‚

25 4299 63 4351 d
126 4300 149 4362 ΙΙ
219 4299 291 4354 ὦς
315 4298 428 4350 AB
509 4298 531 4361 11
618 4298 696 4349 18.
736 4295 825 4348 καὶ
850 4312 956 4347 om.
986 4297 1184 4348 ABCd
1261 4300 1282 4359 11
1365 4293 1424 4347 θέ
1490 4314 1516 4352 ς
1541 4296 1768 4358 A'BCd,
1798 4295 1980 4365 θέρους

0 4410 3 4417 ,
43 4368 113 4425 ὡς
134 4367 284 4438 τέρας
309 4365 635 4435 θωυμάζεται
661 4365 776 4430 1²12,
803 4367 874 4422 ὡς
895 4364 1045 4435 τέρας
1070 4363 1364 4433 θωμάζεται
1503 4368 1524 4428 11
1597 4366 1679 4416 20.
1723 4364 1839 4415 οὐδὲ
1869 4382 1975 4416 orn.

20 4436 112 4488 οὐκ
136 4453 246 4489 om.
277 4454 305 4487 z
344 4438 367 4500 11
407 4434 504 4503 τὴν
529 4434 640 4506 ἀρχ
669 4454 696 4486 ν
720 4453 747 4486 z
793 4436 817 4500 fl
864 4436 948 4486 ⁶21.
988 4453 1022 4485 κ
1055 4442 1211 4502 υμμῶ
1238 4435 1295 4485 R
1342 4436 1363 4497 11
1413 4436 1496 4484 23.
1538 4434 1597 4485 τὸ
1620 4433 1775 4485 κόλον
1803 4435 1979 4485 ABd:

0 4505 45 4565 ξ’,
68 4503 356 4558 τοκαθόλου
384 4503 477 4568 Pz,
504 4504 564 4555 τὸ
586 4522 652 4555 κα
691 4502 815 4556 όλου
841 4504 899 4556 R
945 4505 968 4568 11
1051 4505 1098 4553 4.
1143 4521 1242 4570 μου
1271 4503 1438 4555 Pledz
1485 4505 1508 4567 11
1555 4503 1641 4554 καὶ
1668 4503 1988 4555 om.A1›’(,·d

1474 4608 1570 4655 2⁴·
