3059 5125
1169 352 1459 409 Praefatio.
2337 373 2460 419 xlx

164 529 411 618 venit,
444 528 740 625 fuitque
776 534 1032 619 codex,
1070 531 1267 603 unde
1301 529 1446 603 loci
1483 528 1596 603 illi
1634 529 1979 624 descripti
2017 539 2214 617 sunt,
2243 553 2339 602 ex
2374 554 2465 603 eo

165 683 460 755 genere
497 662 693 756 quod
725 685 928 733 nunc
962 660 1186 733 ABG
1215 667 1789 756 repraesentant.

388 791 519 862 44.
578 790 956 862 Parisinus
991 785 1489 863 bibliothecae
1534 787 1940 885 imperialis
1998 790 2141 863 134
2192 788 2466 885 suppl.‚

165 920 722 1007 membraneus,
760 921 843 993 in
879 928 1047 1007 oct„
1098 917 1373 992 saeculi
1409 919 1615 991 XIII
1650 917 1768 993 vel
1806 919 2028 1006 XIV,
2083 919 2468 992 continens

163 1046 294 1119 fol.
348 1049 608 1122 1—32
644 1048 719 1122 ἐκ
752 1055 888 1120 τῶν
926 1049 1260 1148 ἡροδότου
1294 1049 1625 1147 ἱστοριῶν,
1673 1049 1942 1123 deinde
1974 1046 2052 1119 ἐκ
2084 1054 2218 1119 τῶν
2252 1047 2467 1120 πλου·

166 1203 435 1301 τάρχου
473 1201 963 1305 παραλλήλων,
1005 1200 1364 1315 Διογένους
1400 1202 1711 1303 λαερτίου
1756 1202 1831 1276 ἐκ
1871 1166 1943 1274 ἶῖ
1969 1164 2040 1304 βῖ
2082 1207 2217 1274 τῶν
2269 1201 2465 1300 ἐριλο-

170 1361 432 1456 σόφων,
480 1354 937 1457 Φιλοστράτου
973 1355 1048 1430 ἐκ
1097 1321 1137 1428 i?
1186 1356 1351 1459 βίων
1388 1362 1521 1428 τῶν
1583 1363 1943 1454 σοφιστῶν.
2072 1353 2467 1452 diligenter

114 1477 119 1481 ⁴
171 1488 512 1560 excussit
573 1482 856 1584 Heyler
920 1487 1128 1560 iussu
1178 1483 1860 1582 Schweighaeuseri
1879 1542 1898 1574 ,
1966 1487 2095 1580 qui
2135 1486 2208 1585 s
2248 1483 2469 1559 litera

171 1617 527 1713 signavit.
621 1617 842 1690 revisi
891 1626 967 1689 et
1015 1615 1173 1712 ipse
1221 1641 1358 1689 nec
1407 1625 1657 1689 tamen
1709 1615 2019 1688 adhibui
2065 1614 2207 1710 nisi
2248 1615 2467 1687 raris-

175 1748 387 1818 sime.
493 1743 759 1843 (ABG)

380 1877 512 1948 45.
571 1874 950 1947 Parisinus
986 1869 1482 1948 bibliothecae
1528 1872 1934 1970 imperialis
1983 1874 2204 1962 1731,
2256 1873 2465 1946 char-

174 2014 429 2077 taceus
499 2006 582 2076 in
643 2012 782 2077 oct.
890 2003 1304 2100 subscripta
1350 2003 1535 2076 haec
1586 2012 1763 2076 sunt
1820 2000 2464 2100 neglegentissime

174 2135 366 2207 sieut
405 2142 683 2207 cetera:
752 2131 1135 2233 ἐτελεώθην
1172 2131 1251 2204 τὸ
1285 2135 1501 2231 παρὸν
1548 2133 1941 2233 εὐχειρίδιον
1979 2139 2064 2232 τῆ
2103 2130 2257 2226 ἐμοὶ
2291 2133 2466 2231 χειρὶ

179 2261 541 2362 διμητρίου
579 2261 1116 2359 καντακουζηνοῦ
1169 2263 1290 2332 τοῦ
1342 2259 1694 2361 βυζαντίου
1748 2260 1817 2333 ἐν
1866 2265 2002 2331 τῶν
2053 2258 2459 2360 βρετανικῶν

177 2391 395 2463 νόσον.
449 2388 524 2461 ἐν
557 2398 644 2491 τῆ
672 2387 981 2490 πόλειτῇ
1012 2386 1414 2482 καλουμὲνει
1445 2388 1747 2487 λοῦντρα.
1802 2387 1872 2461 ἐν
1906 2390 2069 2488 μηνὶ
2099 2387 2462 2489 ὁκτωβρύω

178 2522 391 2618 τρίτη.
491 2515 684 2600 ἔτους
727 2514 939 2617 ,ςλπδ
979 2513 1113 2591 ἀπὸ
1150 2513 1237 2617 ii>
1273 2515 1349 2588 δὲ
1384 2519 1767 2617 γεννήσεως
1811 2514 2009 2617 Ιαυοδ.

387 2651 515 2723 46.
599 2646 1247 2743 Heidelbergensis
1310 2644 1807 2720 bibliothecae
1854 2645 2239 2721 Palatinae
2292 2648 2462 2734 129,

183 2776 638 2864 chartaceus,
677 2803 860 2851 saec.
892 2778 1071 2864 XV,
1108 2785 1457 2871 excerpta
1493 2777 1877 2850 continens
1915 2802 1956 2850 e
1994 2772 2249 2850 multis
2285 2778 2464 2850 scri-

183 2908 522 3000 ptoribus
548 2907 956 3003 poetisque.
1021 2904 1448 2979 Herodotea
1472 2903 1708 2979 edidit
1731 2906 2048 2979 Creuzer
2074 2902 2155 2977 in
2185 2930 2464 3001 appen-

184 3035 338 3109 dice
376 3037 1083 3110 commentationum
1119 3034 1708 3137 Herodotearum
1743 3034 1916 3108 inde
1953 3060 1998 3107 a
2032 3016 2104 3130 p'.
2147 3034 2318 3107 425.

387 3371 757 3447 Absoluto
789 3370 1148 3445 librorum
1184 3394 1413 3444 manu
1446 3372 1888 3466 scriptorum
1926 3395 2258 3458 recensu,
2309 3372 2459 3444 iam

188 3505 799 3599 progrediendum
851 3512 962 3576 est
1006 3503 1098 3574 ad
1146 3499 1622 3596 explicandas
1659 3524 1937 3589 eorum,
1975 3524 2161 3596 quos
2195 3524 2292 3574 ex
2328 3499 2464 3574 illa

188 3630 662 3705 multitudine
722 3641 807 3703 ut
855 3631 1273 3726 potissimos
1322 3628 1715 3725 selegimus
1734 3684 1754 3716 ‚
1815 3630 2135 3725 origines
2192 3652 2461 3726 cogna-

191 3761 592 3857 tionesque.
691 3762 887 3856 quod
936 3760 998 3831 si
1047 3761 1130 3833 in
1178 3760 1380 3832 omni
1428 3782 1703 3855 genere
1748 3758 2005 3831 critico
2053 3758 2133 3831 id
2180 3760 2460 3854 praeci-

190 3913 416 3982 puum
441 3916 528 3963 ac
550 3910 919 3963 summum
946 3898 1080 3977 est,
1105 3898 1192 3962 ut
1215 3886 1572 3962 librorum
1598 3888 2039 3961 testimoniis
2066 3885 2460 3983 diligenter

191 4017 505 4093 collectis
541 4028 738 4094 certo
772 4017 1050 4092 iudicio
1083 4015 1392 4104 efficias,
1415 4015 1659 4113 qualis
1692 4017 1775 4089 in
1801 4017 2049 4090 codiee
2076 4014 2232 4103 illo,
2260 4019 2460 4091 unde

190 4147 374 4220 hanc
419 4170 714 4222 omnem
763 4149 1182 4244 prosapiam
1230 4147 1695 4221 descendisse
1743 4170 2036 4219 necesse
2084 4146 2183 4219 sit
2200 4202 2219 4234 ,
2280 4146 2462 4218 scri-

190 4287 401 4368 ptura
431 4276 659 4351 fuerit
693 4298 778 4350 ac
811 4276 1091 4373 species
1128 4279 1554 4350 verborum:
1594 4277 1674 4348 id
1697 4275 2080 4371 negotium
2106 4275 2188 4347 in
2214 4275 2458 4349 Hero-

194 4407 355 4478 doto
390 4406 774 4503 aliquanto
810 4407 1048 4480 tutius
1083 4428 1169 4479 ac
1195 4405 1687 4479 confidentius
1722 4430 1945 4501 quam
1973 4404 2056 4476 in
2082 4402 2456 4499 plerisque

193 4535 660 4631 scriptoribus
703 4538 983 4632 graecis
1036 4536 1704 4608 administrabitur:
1774 4559 1927 4606 non
1978 4534 2175 4629 quod
2223 4534 2459 4605 maior

1971 4667 2041 4721 b*
