3059 5125
1078 335 1479 395 -Α-
2307 336 2417 397 101

190 504 423 604 Σάρδις.
504 494 611 577 “135
645 507 943 607 βασιλεῦ,
998 509 1082 580 τὰ
1137 508 1255 603 μὲν
1304 511 1529 580 οἰκότα
1568 512 1862 608 εἴρηκας.
1927 514 2007 583 σὺ
2047 510 2269 604 μέντοι
2331 514 2427 608 μὴ

189 629 381 699 πάντα
425 626 622 723 θυμῷ
661 627 858 726 χρέο,
919 628 1097 728 μηδὲ
1148 629 1345 701 πόλιν
1396 627 1692 727 ἀρχαίην
1744 629 2210 729 ἐξαναστήσῃς
2264 628 2429 702 ἀνα-

190 749 497 846 μάρτητον
549 747 792 820 ἐοῦσαν
851 750 957 819 καὶ
1015 757 1147 819 τῶν
1196 752 1521 849 πρότερον
1564 753 1670 821 καὶ
1708 758 1841 819 τῶν
1887 758 2000 824 νῦν
2053 751 2424 823 ἑστεώτων.

186 867 255 940 τὰ
288 867 399 961 μὲν
434 867 557 967 γὰρ
593 872 918 966 πρότερον
971 869 1110 965 ἐγώ
1154 894 1226 941 τε
1279 868 1542 968 ἔπρηξα
1598 871 1707 941 καὶ
1757 870 1893 967 ἐγὼ
1943 870 2207 969 κεφαλῇ
2262 868 2429 942 ἀνα-

132 1003 156 1048 5
189 989 376 1081 μάξας
408 988 638 1087 φέρω·
695 986 777 1059 τὰ
822 985 896 1060 δὲ
930 994 1042 1059 νῦν
1076 993 1416 1087 παρεόντα
1454 987 1776 1088 Πακτύης
1825 991 1952 1088 γάρ
2008 989 2150 1062 ἐστι
2200 992 2235 1060 ὁ
2284 989 2428 1061 ἀδιη

186 1108 367 1188 κέων,
435 1109 530 1206 τῷ
608 1111 692 1180 σὺ
758 1108 1131 1207 ἐπέτρεψας
1193 1108 1472 1208 Σάρδις,
1554 1108 1753 1190 οὗτος
1820 1110 1995 1180 δότω
2055 1136 2156 1182 τοι
2215 1110 2426 1209 δίκην.
2496 1171 2505 1182 .

187 1227 431 1302 Λυδοῖσι
465 1227 538 1300 δὲ
577 1233 985 1327 συγγνώμην
1025 1228 1206 1325 ἔχων
1243 1229 1404 1301 τάδε
1442 1229 1706 1303 αὐτοῖσι
1742 1229 2069 1312 ἐπίταξον,
2127 1234 2223 1310 ὡς
2261 1235 2431 1328 μήτε

184 1348 533 1421 ἀποστέωσι
597 1353 771 1447 μήτε
823 1348 1025 1420 δεινοί
1081 1375 1184 1421 τοι
1234 1348 1422 1421 ἔωσι.
1510 1349 1754 1423 ἄπειπε
1810 1350 1931 1444 μέν
1989 1377 2106 1448 σφι
2160 1351 2435 1448 πέμψας

183 1469 336 1540 ὅπλα
370 1466 577 1568 ἀρήια
618 1473 713 1566 μὴ
753 1469 1096 1568 ἐκτῆσθαι,
1158 1469 1388 1542 κέλευε
1431 1470 1506 1542 δέ
1562 1496 1775 1567 σφεας
1822 1470 2114 1550 κιθῶνάς
2150 1497 2223 1543 τε
2262 1471 2431 1543 ὑπο-

111 1601 156 1648 10
183 1589 370 1661 δύνειν
423 1593 592 1661 τοῖσι
652 1587 877 1682 εἵμασι
931 1591 1037 1661 καὶ
1098 1588 1464 1688 κοθόρνους
1519 1590 1945 1662 ὑποδέεσθαι.
2020 1594 2296 1688 πρόειπε
2355 1585 2423 1660 δ’

181 1709 412 1782 αὐτοῖσι
464 1709 830 1808 κιθαρίζειν
883 1733 954 1781 τε
1007 1712 1115 1780 καὶ
1166 1709 1445 1808 ψάλλειν
1501 1714 1610 1784 καὶ
1650 1710 2055 1809 καπηλεύειν
2094 1711 2431 1782 παιδεύειν

179 1831 310 1910 τοὺς
358 1830 626 1910 παῖδας.
719 1832 828 1901 καὶ
881 1829 1148 1927 ταχέως
1198 1830 1413 1927 σφέας
1465 1833 1524 1901 ὦ
1576 1831 1857 1930 βασιλεῦ
1914 1835 2226 1927 γυναῖκας
2275 1820 2424 1901 ἀντ’

180 1946 407 2046 ἀνδρῶν
442 1950 643 2048 ὄψεαι
679 1953 1056 2047 γεγονότας,
1118 1953 1296 2023 ὥστε
1354 1948 1545 2021 οὐδέν
1604 1950 1809 2023 δεινοί
1859 1976 1960 2022 τοι
2010 1950 2279 2021 ἔσονται
2336 1952 2433 2046 μὴ

181 2059 606 2142 ἀποστέωσι.”
664 2066 951 2167 Κροῖσος
988 2070 1109 2164 μὲν
1150 2070 1237 2169 δὴ
1274 2072 1486 2144 ταῦτά
1523 2072 1587 2142 οί
1619 2070 1989 2150 ὑπετίθετο,
2028 2073 2431 2168 αἱρετώτερα
2454 2079 2574 2139 156

111 2203 155 2252 15
183 2194 361 2261 ταῦτα
442 2190 773 2287 εὑρίσκων
849 2191 1125 2264 Λυδοῖσι
1212 2191 1260 2289 ἢ
1346 2188 2002 2290 ἀνδραποδισθέντας
2081 2189 2434 2288 πρηθῆναί

178 2335 376 2403 σφεας,
429 2311 874 2404 ἐπιστάμενος
920 2312 1022 2382 ὅτι
1059 2311 1143 2410 ἢν
1184 2314 1281 2408 μὴ
1321 2311 1672 2409 ἀξιόχρεον
1708 2314 2047 2410 πρόφασιν
2084 2314 2428 2408 προτείνῃ,

178 2429 278 2499 οὐκ
321 2427 665 2503 ἀναπείσει
719 2457 828 2525 μιν
883 2430 1578 2532 μεταβουλεύσασθαι,
1640 2429 2002 2530 ἀρρωδέων
2054 2430 2127 2501 δὲ
2181 2432 2276 2528 μὴ
2330 2433 2433 2500 καὶ

179 2547 421 2647 ὕστερόν
467 2578 625 2623 κοτε
662 2553 722 2623 οἱ
763 2550 988 2627 Λυδοί,
1030 2550 1115 2650 ἢν
1155 2554 1230 2623 τὸ
1267 2554 1517 2651 παρεὸν
1556 2551 2053 2650 ὑπεκδράμωσι.
2096 2549 2432 2624 ἀποστάν-

176 2696 268 2750 τες
325 2669 456 2743 ἀπὸ
521 2679 659 2743 τῶν
721 2670 1040 2771 Περσέων
1101 2669 1504 2745 ἀπόλωνται.
1638 2670 1866 2771 Κῦρος
1922 2670 1999 2742 δέ
2060 2671 2296 2769 ἡσθεὶς
2349 2677 2434 2768 τῇ

105 2790 471 2891 ωὑποθήκῃ
525 2796 640 2863 καὶ
694 2792 884 2873 ὑπεὶς
933 2799 1057 2892 τῆς
1106 2791 1313 2891 όργῆς
1363 2791 1501 2890 ἔφη
1555 2794 1617 2862 οἱ
1652 2792 2030 2864 πείθεσθαι.
2150 2792 2438 2871 καλέσας

179 2911 240 2980 δὲ
271 2907 598 3011 Μαζάρεα
634 2911 841 3012 ἄνδρα
879 2907 1145 3013 Μῆδον,
1186 2913 1397 2984 ταῦτά
1437 2911 1512 2983 τέ
1563 2914 1626 2982 οί
1679 2911 2056 2984 ἐνετείλατο
2092 2915 2433 3009 προειπεῖν

197 3028 430 3105 ἱυδοῖσι
487 3031 571 3104 τὰ
625 3035 663 3104 δ
724 3029 1019 3130 Κροῖσος
1070 3032 1453 3111 ὑπετίθετο,
1509 3035 1621 3102 καὶ
1655 3036 1825 3128 πρὸς
1862 3030 2434 3129 ἐξανδραποδίσα-

181 3150 316 3223 σθαι
349 3154 503 3234 τοὺς
539 3151 790 3234 ἄλλους
824 3151 1082 3232 πάντας
1134 3151 1199 3223 οἳ
1253 3149 1421 3246 μετὰ
1457 3150 1699 3223 Λυδῶν
1752 3151 1862 3222 ἐπὶ
1901 3151 2147 3249 Σάρδις
2193 3151 2434 3247 ἐστρα-

180 3274 511 3356 τεύσαντο,
568 3272 774 3344 αὐτὸν
825 3269 902 3344 δὲ
963 3269 1279 3370 Πακτύην
1332 3272 1601 3352 πάντως
1657 3272 1876 3353 ζῶντα
1935 3268 2206 3369 ἀγαγεῖν
2262 3260 2426 3368 παρ’

104 3404 153 3453 25
182 3391 426 3466 ἑωυτόν.

303 3507 382 3583 ‘O
421 3514 542 3609 μὲν
578 3515 670 3612 δὴ
714 3519 922 3586 ταῦτα
972 3514 1047 3586 ἐκ
1101 3523 1226 3615 τῆς
1273 3514 1434 3585 ὁδοῦ
1471 3512 1943 3608 ἐντειλάμενος
1978 3510 2327 3610 ἀπήλαυνε
2366 3513 2435 3592 ἐς
2459 3529 2572 3587 157

183 3631 340 3726 ἤθεα
371 3635 453 3707 τά
491 3633 836 3734 Περσέων,
891 3632 1211 3733 Πακτύης
1247 3634 1322 3707 δὲ
1357 3632 1745 3727 πυθόμενος
1778 3631 1991 3730 ἀγχοῦ
2029 3631 2195 3704 εἶναι
2234 3658 2434 3731 στρα-

463 3874 577 3927 τίνα
599 3866 775 3946 Κῦρος
801 3871 987 3934 Λύδοις
1014 3870 1250 3935 ἐπέταξαν
1277 3870 1600 3940 ὑποθεμένου
1628 3868 1851 3942 Κροίσου

367 4099 446 4151 27.
487 4097 664 4162 Λὲξας

281 4235 318 4284 Ι.
356 4237 522 4290 εἰκότα
558 4257 585 4290 z
665 4241 688 4302 ΙΙ
773 4240 820 4289 2.
862 4237 986 4310 χρέο
1019 4239 1163 4291 ΑΒι
1199 4236 1341 4308 χρέω
1422 4239 1446 4301 R
1528 4240 1576 4288 3.
1622 4237 1973 4289 ἐνσεστιειίιτωνὲ>
2055 4239 2077 4300 ΙΙ
2160 4238 2207 4287 4.
2262 4235 2345 4300 τὰ]
2383 4238 2441 4288 τὸ

193 4300 404 4358 Bekkeri
426 4306 597 4359 editio
646 4309 668 4367 ΙΙ
714 4308 802 4359 καὶ
828 4310 945 4378 ἐγὼ]
973 4307 1062 4360 καὶ
1087 4307 1190 4375 ἐμῇ
1223 4325 1283 4375 qz
1330 4308 1353 4371 η
1398 4305 1602 4376 κεφαλὴ
1636 4306 1683 4359 C
1721 4307 1744 4369 ΙΙ
1794 4308 1842 4357 8.
1879 4309 1975 4369 τοιΙ
2006 4324 2058 4355 τε
2092 4306 2208 4358 0Ῥῶ
2256 4307 2279 4370 ΙΙ
2326 4323 2441 4376 σφιν

196 4370 235 4421 (’
286 4375 308 4435 u
371 4379 418 4427 9.
453 4376 734 4444 κεκτῆσθαι
759 4380 866 4431 ΑΒ
935 4379 960 4442 Η
1027 4376 1264 4429 ὑποδύειν
1297 4378 1345 4429 0
1405 4376 1428 4439 ΙΙ
1504 4376 1585 4427 13.
1623 4377 1723 4440 τοι]
1746 4393 1799 4426 τε
1830 4375 1879 4428 0
1935 4377 1957 4440 n
2037 4376 2110 4425 Η.
2153 4374 2442 4445 αἰρετότερα

199 4439 238 4489 Β
296 4444 318 4505 R
389 4446 461 4497 16.
501 4446 781 4515 ἀξιάχρεων
807 4447 1080 4501 eronl‘z
1140 4448 1162 4510 Η
1227 4446 1304 4496 19.
1347 4444 1724 4497 ἀπόλλωνταιε
1782 4447 1805 4509 ΙΙ
1865 4446 1945 4497 20.
1990 4443 2040 4497 οἶ
2074 4446 2121 4499 ζ’
2177 4447 2199 4511 ΙΙ
2265 4446 2348 4495 21.
2387 4462 2440 4497 τε

196 4524 284 4559 om.
311 4530 334 4563 z
376 4515 397 4577 ΙΙ
443 4517 524 4567 22.
563 4517 653 4568 καὶ
679 4513 1323 4588 προσεξανδραποδίσασθαι
1347 4533 1373 4571 z
