3059 5125
456 385 559 432 ΧΠ
1446 368 1740 423 Praefatio.

455 546 851 643 τερψιχόρη.
925 544 1166 642 ἐρατὼ.
1245 543 1607 638 πολύμνια.
1691 543 1988 643 οὐρανία.
2072 543 2431 641 καλλιόπη.
2560 545 2735 615 sub-

455 675 926 768 scriptionem
984 681 1230 746 autem
1293 674 1374 746 in
1434 675 1586 747 fine
1640 675 1869 746 hanc:
1963 670 2329 770 ἐτελειώθη
2385 673 2461 743 τὸ
2513 674 2732 769 παρὸν

455 801 717 903 βιβλίον
774 799 882 874 διὰ
931 805 1159 900 χειρὸς
1206 800 1374 895 ἐμοῦ
1427 808 1547 874 τοῦ
1603 799 2008 900 ἁμαρτωλοῦ
2056 800 2366 873 νικολάου
2412 806 2530 871 τοό
2586 825 2731 898 τρι-

456 947 699 1019 κλίνου.
795 948 961 1046 μηνὶ
1006 950 1287 1045 μαρτίω.
1383 948 1786 1028 ἰνδικτιῶνος
1825 930 1950 1018 αη·
2057 944 2248 1026 ἔτους
2293 945 2410 1042 ξ
2445 943 2545 1017 ὦκ
2583 941 2727 1038 ‘5⁰3⁰‘

457 1075 528 1170 (i.
571 1101 633 1147 e.
688 1076 867 1148 anni
914 1084 1080 1169 post
1129 1075 1512 1149 Christum
1572 1074 1814 1171 1318).
1940 1076 2024 1148 in
2083 1075 2543 1171 marginibus
2611 1075 2737 1148 hic

455 1202 610 1277 illic
681 1214 758 1277 et
829 1213 1260 1300 argumenta
1319 1229 1566 1278 rerum
1631 1203 1881 1301 qualia
1942 1203 2026 1277 in
2085 1202 2161 1277 A
2235 1202 2600 1300 leguntur
2660 1214 2740 1277 et

459 1330 774 1420 scholia,
861 1359 945 1406 ac
1029 1343 1317 1429 praeter
1395 1357 1483 1406 ea
1562 1337 1779 1430 στίχοι
1862 1331 2149 1428 aliquot
2221 1332 2554 1404 πολιτικοί
2638 1335 2736 1409 ab.

458 1464 759 1536 homine
834 1463 996 1535 aevi
1071 1463 1452 1558 byzantini
1526 1486 1659 1557 pro
1732 1486 1934 1537 more
2007 1470 2082 1536 et
2151 1470 2375 1557 captu
2437 1459 2738 1536 illorum

458 1601 870 1687 temporum
906 1593 1185 1678 excusi,
1226 1590 1431 1665 velut
1461 1593 1549 1665 hi
1585 1616 1765 1687 quos
1801 1589 1995 1664 infra
2035 1593 2250 1686 posui
2286 1592 2368 1664 in
2402 1589 2738 1688 margine

458 1720 782 1815 exempli
833 1719 1014 1793 loco.
1039 1719 1105 1816 ²¹³)
1207 1745 1381 1792 nam
1432 1721 1682 1793 cuncti
1735 1722 1855 1793 edi
1902 1721 2045 1794 hoc
2094 1722 2528 1817 praesertim
2573 1719 2737 1794 loco

455 1874 607 1922 non
656 1857 1027 1923 merentur
1048 1905 1066 1936 ,
1130 1858 1303 1922 sunt
1354 1859 1601 1924 autem
1651 1859 1941 1945 praeter
1990 1847 2157 1923 illos
2208 1851 2300 1922 ad
2346 1847 2400 1922 Γ
2454 1851 2544 1923 14
2596 1875 2736 1922 un-

456 1980 716 2065 decim,
767 1980 859 2050 ad
905 1975 959 2050 Γ
1003 1980 1093 2054 16
1143 1986 1509 2075 quattuor,
1562 1980 1655 2052 ad
1691 1976 1745 2051 Γ
1783 1980 1880 2054 23
1931 1980 2378 2075 quindecim,
2416 1981 2509 2051 ad
2545 1976 2599 2051 Γ
2635 1980 2734 2053 29

457 2116 626 2195 tres,
664 2109 756 2179 ad
793 2105 847 2180 Γ
885 2108 981 2181 37
1018 2108 1198 2182 item
1236 2117 1400 2182 tres,
1492 2107 1773 2182 contuli
1806 2107 2029 2181 libros
2066 2120 2368 2204 septem.

669 2266 736 2334 7.
793 2267 830 2338 b
919 2263 1274 2351 Venetus,
1327 2261 1505 2336 olim
1553 2264 2008 2338 Bessarionis
2047 2262 2487 2352 CardinaliS,
2535 2288 2740 2338 nunc

458 2391 954 2466 bibliothecae
1004 2392 1073 2464 S.
1126 2392 1369 2465 Marci
1421 2391 1877 2466 CCCLXIV
1894 2447 1915 2479 ‚
1966 2395 2477 2466 membraneus
2494 2449 2513 2481 ,
2582 2393 2737 2468 385

456 2519 803 2596 foliorum
835 2522 1244 2619 grandium.
1328 2530 1616 2617 praeter
1647 2519 2109 2595 Herodotum
2145 2522 2404 2595 insunt
2437 2523 2743 2619 Thucy-

460 2652 650 2725 didis
717 2649 893 2725 libri
966 2661 1129 2724 octo
1201 2659 1277 2723 et
1343 2647 1901 2725 Hellenicormn
1965 2652 2493 2746 Xenophontis
2561 2650 2742 2725 libri

462 2789 762 2874 septem.
831 2781 1281 2875 praescripta
1315 2781 1543 2854 habet
1576 2805 1872 2875 prorsus
1909 2783 2164 2854 eadem
2201 2805 2390 2877 quae
2426 2779 2493 2853 d.
2564 2783 2745 2853 sub-

459 2909 729 3004 scripta
777 2917 1026 2981 autem
1075 2910 1294 2983 haec:
1359 2908 1558 2990 τέλος
1594 2908 1870 3006 εἴληφεν
1907 2910 1953 3007 ἡ
1994 2908 2226 3011 βίβλος
2262 2906 2432 3008 αὕτη
2474 2908 2741 3007 ὁρισμῷ

463 3035 583 3131 μὲν
656 3039 766 3108 καὶ
832 3035 1189 3135 προστάξει
1256 3043 1375 3109 τοῦ
1443 3035 1959 3133 παναγιωτάτου
2038 3064 2167 3131 μου
2242 3040 2465 3134 κυρίου
2533 3035 2599 3108 κ’
2663 3035 2735 3137 β’

462 3161 979 3263 (Βησσαρίωνος
1064 3167 1147 3239 in
1227 3165 1560 3263 catalogo
1633 3166 1975 3262 Zanettii)
2060 3164 2535 3264 καρὸηνάλεως
2614 3173 2746 3264 τῆς

461 3291 681 3391 (ἁγίας
715 3294 922 3389 ibid.)
975 3296 1321 3394 ῥωμαϊκῆς
1369 3293 1730 3392 ἐκκλησίας
1781 3296 1889 3365 καὶ
1935 3294 2351 3393 πατριάρχου
2400 3317 2741 3364 κωνσταν-

458 3426 642 3493 τίνου
691 3421 989 3505 πόλεως,
1050 3425 1228 3521 χειρὶ
1286 3421 1363 3495 δὲ
1408 3425 1738 3520 γραφεῖσα
1791 3421 2073 3493 ἰωάννου
2121 3419 2574 3522 πρεσβυτέρου
2618 3424 2741 3491 τοῦ

632 3683 679 3750 ⁴⁵)
722 3684 793 3738 ad
817 3684 1023 3739 131722

769 3772 861 3861 ,ᾖ
1009 3788 1218 3849 ἀνεκτὸς
1240 3787 1307 3859 ἣν
1331 3785 1518 3858 ἅμασις
1542 3794 1607 3859 τῆ
1634 3787 1830 3858 σπουδὴ
1853 3786 2026 3856 νέμων

1009 3880 1193 3948 μικροῦ
1216 3874 1543 3947 τριτημόριον
1565 3874 1766 3947 ἡμέρας
1789 3874 1995 3948 χρόνου.

1010 3962 1059 4016 οἱ
1081 3962 1177 4034 γὰρ
1202 3954 1318 4033 παρ’
1341 3960 1470 4029 ἡμῖν
1493 3966 1849 4032 τυραννοῦντες
1875 3960 2107 4020 ἐκτόπως

1009 4048 1265 4119 πάννυχον
1290 4044 1401 4116 ἅμα
1423 4046 1512 4100 καὶ
1537 4046 1831 4119 πανήμερον
1860 4046 2049 4119 χρόνον

1007 4138 1122 4194 ταῖς
1145 4132 1371 4192 παιδιαῖς
1395 4138 1668 4205 προσεῖχον
1688 4130 1726 4202 ἢ
1750 4132 1840 4187 καὶ
1861 4138 1974 4193 ταῖς
1999 4131 2201 4203 μέθαις,

1010 4218 1339 4292 ἀνδραπόδων
1366 4218 1592 4289 βιοῦντες
1618 4217 1829 4289 ἐμπαθῆ
1856 4219 1980 4291 βίον,

1011 4307 1066 4370 ἐξ
1089 4308 1161 4361 ὧν
1182 4306 1242 4359 τὸ
1266 4304 1460 4365 κάλλος
1482 4309 1580 4375 τῆς
1602 4303 1720 4364 νέας
1748 4303 2004 4387 ρωμαῖῥος

1009 4392 1239 4465 γηραλέα
1262 4391 1474 4465 συνέσχε
1499 4389 1637 4464 ῥυτὶς
1661 4389 1867 4463 ἀθρόον.

1012 4479 1047 4547 ἠ
1076 4477 1271 4548 βασιλὶς
1296 4477 1353 4530 δὲ
1376 4477 1465 4530 καὶ
1490 4480 1665 4532 πασῶν
1693 4476 1946 4549 ὑπερτάτη

1009 4565 1211 4637 ληστῶν
1237 4561 1429 4635 ὑπῆρξε
1453 4561 1713 4634 δυσμενῶν
1736 4562 1988 4617 κατοικία.
