3059 5125
596 359 790 406 Lxxu
1586 337 1871 393 Praefatio.

595 511 889 611 ἀνέῳγες
937 516 1010 587 Α
1057 515 1223 587 187.
1317 512 1494 612 ἔχω,
1554 525 1638 586 ut
1685 514 1830 586 iam
1881 514 1960 584 in
2016 514 2205 584 viam
2264 515 2597 597 redeam,
2662 535 2868 585 num·

596 668 817 738 quam
839 667 1002 715 ,non
1038 653 1374 739 augetur,
1404 644 1748 738 quodque
1770 640 1953 714 olim
1981 640 2419 737 vulgabatur
2446 642 2565 739 ἔχε
2595 652 2866 736 quater,

595 771 756 869 ἔχον
773 774 1238 860 duodeciens,
1255 772 1482 847 semel
1504 771 1787 869 κατέχον
1812 779 1888 845 et
1900 771 2302 870 παρέχοντα,
2328 797 2417 844 ea
2444 772 2693 843 omnia
2702 771 2867 844 Aldi

595 914 789 975 sunt.
856 914 932 977 et
958 903 1290 1002 ἠνέσχετο
1329 913 1404 977 et
1431 899 1753 998 ἀνέσχετο
1784 909 1894 974 ter
1919 911 2313 995 utrumque
2340 909 2564 974 extat.
2632 924 2868 972 rursus

595 1030 824 1105 ἕλκετο
855 1030 1093 1104 ἕποντο
1125 1030 1519 1127 ἀπελόμεθα
1537 1028 1873 1130 ,ἐξεγέρθη
1900 1029 2194 1128 ἐθέλησε
2226 1029 2655 1130 ἐθελήσαμεν
2675 1028 2870 1102 ἔλασε

595 1161 842 1236 ἔλασαν
870 1170 1029 1234 tum
1064 1162 1129 1234 O
1152 1170 1313 1234 tum
1339 1158 1576 1233 Aldus
1607 1170 1994 1234 novarunt.
2086 1161 2180 1232 ab
2211 1158 2428 1260 ἔργειν
2463 1167 2539 1233 et
2576 1157 2862 1257 ἐξεῖργον

594 1289 766 1390 εἶρξε
796 1290 1136 1388 κατεῖρξαν
1163 1292 1355 1363 fiunt
1371 1289 1648 1386 (contra
1670 1292 1767 1361 ab
1794 1287 1972 1387 ἔρδω
1998 1286 2243 1388 ἔρξαν),
2260 1298 2337 1361 et
2362 1287 2595 1386 ἔργετο
2621 1283 2869 1386 ἀπεργ-

597 1420 830 1515 μένος,
886 1443 1038 1492 non
1073 1417 1223 1517 ἔρξε
1257 1418 1606 1519 κάτερὲαν,
1662 1441 1853 1513 quae
1894 1418 1960 1490 G
1988 1415 2167 1491 fecit
2202 1419 2548 1514 idemque
2584 1417 2871 1512 saepius

595 1546 818 1645 ἔνεγκε
854 1546 1149 1620 ἐνείκατο
1185 1547 1492 1646 ἐνείχθη.
1603 1571 1735 1642 pro
1770 1548 1854 1646 ἦν
1892 1547 1974 1620 in
2014 1549 2253 1642 prima
2300 1571 2619 1643 persona
2653 1544 2875 1627 semel

593 1677 1011 1750 Herodotus
1040 1675 1124 1749 ἔα
1151 1677 1349 1749 dixit
1374 1677 1437 1749 B
1461 1678 1580 1765 19,
1612 1674 1837 1749 semel
1868 1676 2070 1756 ἔαςΑ
2098 1678 2266 1763 187,
2294 1677 2411 1749 bis
2439 1674 2596 1748 ἔατε
2624 1673 2678 1747 Δ
2703 1676 2869 1748 119.

595 1802 820 1879 E9202.
912 1815 1296 1901 praeterea
1321 1832 1459 1880 nec
1486 1808 1644 1902 ipse
1684 1831 1822 1879 nec
1855 1805 2010 1880 fere
2051 1805 2223 1903 (vid.
2264 1808 2341 1879 A
2382 1806 2550 1879 181.
2593 1802 2657 1878 H
2705 1805 2870 1878 143.

594 1932 619 2007 Ι
646 1935 767 2031 31)
795 1934 1081 2009 librarii
1108 1937 1500 2032 quicquam
1526 1963 1573 2009 a
1600 1937 1971 2010 communi
2005 1959 2334 2009 sermone
2359 1937 2873 2021 discesserunt,

595 2067 723 2137 sed
754 2063 930 2138 Aldi
959 2067 1331 2139 temeritas
1359 2068 1652 2140 invexit
1686 2068 1899 2161 epica
1933 2064 2058 2164 ἔην
2098 2089 2250 2138 non
2285 2066 2394 2137 ita
2428 2089 2672 2161 saepe,
2708 2063 2871 2137 ἔσαν

593 2219 763 2269 vero
803 2194 1016 2268 initio
1056 2221 1269 2290 parce
1289 2251 1307 2283 ,
1359 2220 1531 2269 mox
1567 2196 2090 2282 confidentius,
2143 2219 2274 2290 per
2318 2204 2688 2268 extremos
2724 2194 2875 2265 iam

592 2322 819 2398 libros
872 2349 1100 2421 prope
1151 2324 1429 2419 ubique
1449 2381 1467 2412 ,
1531 2349 1670 2398 nec
1734 2334 1981 2398 tamen
2045 2326 2243 2398 idem
2307 2325 2389 2396 in
2453 2324 2878 2418 compositis

599 2478 819 2527 ausus
857 2465 991 2527 est.

811 2582 1161 2679 Reliquas
1196 2586 1346 2657 iam
1383 2584 1893 2660 declinationis
1921 2583 2233 2659 verbalis
2270 2593 2511 2679 partes
2549 2610 2645 2658 ne
2680 2608 2878 2656 sum-

597 2715 855 2787 matim
891 2715 1191 2810 quidem
1222 2739 1421 2787 nunc
1444 2713 1625 2787 licet
1660 2717 1989 2811 exsequi.
2056 2715 2335 2810 itaque,
2363 2724 2450 2787 ut
2476 2716 2567 2788 de
2594 2714 2879 2787 ratione

597 2842 858 2918 saltem
907 2844 1162 2916 critica
1208 2846 1432 2916 verbo
1482 2867 1815 2916 moneam
1840 2900 1859 2932 ,
1930 2846 2012 2917 in
2064 2845 2309 2918 verbis
2358 2845 2568 2940 puris
2634 2847 2714 2917 in
2778 2843 2875 2915 ’ἐῶ

592 2972 1009 3068 futurisque
1044 2974 1124 3045 in
1160 2979 1219 3059 ὦ
1267 2972 1490 3068 vulgo
1539 2973 2044 3048 desinentibus
2092 2998 2244 3047 non
2295 2974 2560 3046 admisi
2606 2971 2875 3046 formas

595 3106 675 3176 in
710 3129 769 3174 ει
805 3112 1237 3189 contractas,
1289 3113 1800 3198 praeterquam
1835 3103 1917 3176 in
1952 3104 2062 3176 δεῖ
2088 3101 2227 3176 ἔδει
2264 3103 2424 3187 δεῖν,
2464 3128 2602 3177 nec
2636 3104 2718 3176 in
2753 3102 2875 3174 his

594 3234 773 3329 ipsis
823 3233 1102 3327 ubique
1155 3242 1455 3328 propter
1498 3244 1700 3305 certa
1742 3232 2076 3306 codicum
2129 3233 2555 3306 testimonia
2572 3284 2591 3318 ,
2666 3241 2742 3305 et
2791 3232 2871 3302 in

594 3362 889 3461 ἐθηεῖτο.
990 3363 1080 3434 de
1131 3386 1205 3433 εο
1270 3371 1514 3435 autem
1566 3372 1645 3435 et
1692 3387 1807 3435 εου
1868 3364 1951 3434 in
2002 3387 2075 3434 ευ
2125 3363 2469 3458 cogendis
2530 3371 2662 3433 aut
2722 3382 2873 3432 non

591 3491 931 3587 cogendis
969 3516 1185 3586 quem
1225 3516 1462 3587 nuper
1498 3489 1803 3565 Carolus
1837 3492 2122 3564 Abicht
2155 3489 2449 3565 effinxit
2492 3514 2871 3574 canonem,

594 3631 680 3695 ut
716 3645 905 3716 quae
944 3630 1113 3693 ante
1150 3646 1185 3694 ε
1218 3627 1579 3699 haberent
1613 3619 1962 3707 vocalem,
2004 3646 2098 3693 ne
2134 3629 2282 3694 tres
2318 3620 2661 3715 pluresve
2700 3642 2872 3690 con-

594 3759 969 3824 currerent
1006 3750 1290 3824 vocales
1310 3805 1328 3837 ,
1379 3753 1816 3825 contrahere
1853 3749 2079 3824 vellet
2115 3750 2196 3823 in
2234 3776 2340 3837 ευ,
2392 3758 2649 3822 eontra
2682 3770 2871 3845 quae

594 3890 1115 3955 consonantem
1164 3906 1253 3955 ea
1300 3881 1733 3953 contrahere
1784 3890 2066 3954 vetaret
2081 3936 2100 3968 ,
2160 3880 2335 3967 satis
2384 3880 2627 3953 habeo
2676 3902 2869 3951 com-

593 4033 1050 4083 memorasse.
1142 4035 1278 4083 nec
1327 4011 1592 4107 opinor
1642 4012 2031 4106 quisquam
2085 4010 2444 4083 rationem
2490 4011 2747 4082 reddet
2793 4030 2869 4079 ευ

592 4138 1043 4236 diphthongi
1094 4142 1341 4215 dorico
1394 4164 1597 4215 more
1654 4165 1788 4236 pro
1839 4164 1914 4211 ου
1964 4148 2041 4214 et
2103 4165 2185 4211 αο
2238 4139 2361 4235 (eo)
2422 4141 2502 4211 in
2552 4136 2867 4214 secunda

592 4268 954 4364 tertiaque
1005 4271 1296 4368 syzygia
1344 4271 1665 4344 adscitae
1715 4271 2116 4355 interdum,
2168 4268 2373 4341 haud
2420 4276 2862 4347 constanter,

590 4406 677 4470 ut
710 4397 789 4469 in
819 4397 1218 4471 ἐδικαιεῦντο
1256 4399 1587 4499 εἰρώτευν.
1655 4400 2017 4473 secundae
2054 4407 2300 4472 autem
2336 4391 2860 4495 coniugationis

589 4529 672 4601 in
736 4529 841 4600 ᾶῶ
906 4530 1129 4601 verba
1185 4528 1407 4623 longe
1475 4529 1797 4624 plurima
1864 4531 1944 4601 in
2017 4530 2382 4624 scriptura
2452 4522 2856 4623 principali,

3024 4564 3030 4605 Ι
