3059 5125
1074 319 1489 420 —H—
2305 355 2418 416 171

142 532 367 627 τούτῳ
423 532 460 601 ὃ
496 531 698 612 πεζὸς
748 530 924 612 ἄπας
961 531 1484 628 συλλελεγμένος
1519 531 1662 625 ἅμα
1699 528 1919 628 Ξέρξῃ
1959 530 2318 627 ἐπορεύετο
2356 528 2426 608 ἐς

143 650 434 750 Σάρδις,
487 651 561 722 ἐκ
603 647 1002 748 Κριτάλλων
1056 651 1385 749 ὁρμηθεὶς
1438 658 1569 721 τῶν
1620 650 1689 722 έν
1746 645 2201 746 Καππαδοκίῃ
2225 672 2240 687 ·
2315 647 2423 719 ἐν-

142 771 362 842 θαῦτα
410 770 539 868 γὰρ
593 772 822 868 εἴρητο
866 770 1311 868 συλλέγεσθαι
1346 771 1562 842 πάντα
1598 772 1711 841 τὸν
1748 756 1891 840 κατ’
1939 770 2218 867 ἤπειρον
2258 767 2424 862 μέλ-

142 891 344 961 λοντα
404 888 548 982 ἅμα
614 887 802 985 αὐτῷ
864 886 1083 988 Ξέρξῃ
1159 890 1568 988 πορεύεσθαι
1616 890 1917 987 στρατόν.
2007 890 2081 968 ὃς
2134 887 2253 981 μέν
2309 912 2421 957 νυν

97 1027 110 1073 ἰ
144 1017 273 1079 τῶν
324 1009 656 1107 ὑπάρχων
698 1012 975 1106 στρατὸν
1015 1009 1340 1081 κάλλιστα
1377 1008 1789 1103 ἐσταλμένον
1828 1005 2098 1105 ἀγαγὼν
2136 1007 2219 1079 τὰ
2251 1033 2423 1104 προ-

146 1133 425 1222 κείμενα
479 1126 663 1224 παρὰ
701 1127 1013 1227 βασιλέος
1049 1128 1256 1231 ἔλαβε
1297 1130 1518 1227 δῶρα,
1581 1127 1703 1200 οὐκ
1739 1127 1884 1224 ἔχω
1922 1128 2207 1226 φράσαι·
2265 1124 2424 1198 οὐδὲ

144 1249 266 1346 γὰρ
304 1246 534 1346 ἀρχὴν
571 1246 642 1326 ές
678 1250 884 1345 κρίσιν
929 1250 1168 1320 τούτου
1197 1250 1350 1348 πέρι
1389 1249 1710 1327 ἐλθόντας
1747 1247 1915 1319 οἶδα.
1995 1250 2055 1318 οἱ
2093 1245 2167 1317 δὲ
2205 1246 2423 1317 ἐπείτε

144 1367 502 1469 διαβάντες
536 1370 650 1437 τὸν
677 1360 894 1436 ’Ἀλυν
931 1372 1235 1461 ποταμὸν
1271 1366 1631 1466 ὡμίλησαν
1675 1370 1760 1466 τῇ
1799 1365 2057 1466 Φρυγίῃ
2083 1423 2100 1453 ‚
2161 1352 2247 1436 δι’
2297 1364 2417 1435 αὐ-

144 1496 263 1585 τῆς
297 1488 749 1584 πορευόμενοι
788 1483 1097 1558 ἀπίκοντο
1135 1486 1205 1569 ἐς
1242 1484 1600 1575 Κελαινάς,
1647 1484 1750 1559 ἵνα
1781 1489 1996 1584 πηγαὶ
2035 1484 2422 1556 ἀναδιδοῦσι

98 1630 114 1673 )
151 1601 543 1704 Μαιάνδρου
588 1611 896 1698 ποταμοῦ
948 1608 1058 1678 καὶ
1095 1606 1326 1705 ἑτέρου
1362 1608 1481 1678 οὐκ
1516 1606 1886 1686 ἐλάσσονος
1921 1605 1964 1704 ἢ
2012 1600 2419 1702 Μαιάνδρου,

146 1726 241 1821 τῷ
310 1724 575 1818 οὔνομα
636 1723 947 1821 τυγχάνει
1010 1726 1118 1798 έδν
1180 1723 1726 1826 Καταρρήκτης,
1791 1727 1864 1806 ὃς
1928 1724 1997 1804 ἐξ
2060 1724 2270 1823 αὐτῆς
2299 1733 2423 1822 τῆς

147 1841 400 1945 ἀγορῆς
450 1851 575 1942 τῆς
633 1840 1017 1916 Κελαινέων
1073 1842 1458 1917 ἀνατέλλων
1514 1847 1586 1928 ἐς
1635 1849 1746 1918 τὸν
1798 1840 2187 1942 Μαίανδρον
2241 1843 2418 1914 ἐκδι-

150 1962 283 2033 δοῖ·
342 1963 414 2035 ἐν
473 1963 559 2061 τῇ
620 1965 728 2034 καὶ
777 1964 811 2033 ὁ
855 1969 973 2036 τοῦ
1009 1964 1307 2063 Σιληνοῦ
1344 1961 1685 2065 Μαρσύεω
1736 1963 1938 2045 ἀσκὸς
1978 1964 2071 2059 [ἐν
2113 1965 2198 2061 τῇ
2236 1962 2418 2057 πόλι]

152 2080 640 2180 ἀνακρέμαται,
698 2085 809 2153 τὸν
867 2083 996 2155 ὑπὸ
1049 2081 1329 2182 Φρυγῶν
1388 2084 1586 2181 λόγος
1640 2084 1785 2181 ἔχει
1824 2085 1950 2155 ὑπὸ
1978 2076 2421 2162 ’Λπόλλωνος

98 2218 122 2265 5
155 2201 512 2299 ἐκδαρέντα
552 2199 1163 2301 ἀνακρεμασθῆναι.
1227 2204 1296 2275 ἐν
1340 2207 1548 2300 ταύτῃ
1587 2205 1671 2301 τῇ
1712 2203 1871 2274 πόλι
1910 2202 2419 2300 ὑποκατήμενος
2451 2217 2527 2277 27

158 2320 400 2402 Πύθιος
436 2323 472 2392 ὁ
499 2315 753 2401 Ἀτυος
803 2319 977 2418 ἀνὴρ
1020 2320 1234 2403 Λυδὸς
1284 2322 1554 2403 ἐξείνισε
1591 2326 1714 2420 τὴν
1752 2322 2066 2422 βασιλέος
2103 2324 2416 2419 στρατιὴν

153 2444 363 2511 πᾶσαν
419 2442 713 2521 ξεινίοισι
772 2445 1139 2537 μεγίστοισι
1195 2444 1301 2512 καὶ
1358 2442 1556 2514 αὐτὸν
1614 2438 1902 2542 Ξέρξην,
1971 2440 2292 2539 χρήματά
2345 2465 2420 2510 τε
2489 2470 2496 2475 ·

156 2557 595 2658 ἐπαγγέλλετο
635 2556 1044 2660 βουλόμενος
1081 2561 1152 2641 ές
1187 2563 1299 2633 τὸν
1340 2560 1636 2656 πόλεμον
1669 2561 2012 2660 παρέχειν.
2088 2557 2418 2655 ἐπαγγελ-

155 2676 433 2771 λομένου
482 2677 558 2750 δὲ
610 2683 935 2778 χρήματα
994 2679 1280 2768 Πυθίου,
1337 2682 1553 2780 εἴρετο
1606 2679 1862 2780 Ξέρξης
1906 2679 2218 2778 Περσέων
2267 2680 2420 2757 τοὺς

98 2815 128 2861 ι)
156 2800 518 2894 παρεόντας
546 2803 647 2878 τίς
673 2825 746 2871 τε
774 2799 906 2870 ἐὼν
943 2798 1199 2897 ἀνδρῶν
1235 2799 1486 2880 Πύθιος
1514 2805 1622 2872 καὶ
1661 2804 1825 2874 κόσα
1855 2805 2176 2897 χρήματα
2214 2798 2417 2893 ἐκτη-

161 2914 346 3006 μένος
397 2917 880 3015 ἐπαγγέλλοιτο
944 2923 1172 2990 ταῦτα.
1254 2921 1315 2989 οί
1366 2919 1441 2990 δὲ
1493 2919 1685 2992 εἶπαν
1726 2908 1844 2989 “ab
1884 2918 2187 3018 βασιλεῦ,
2225 2914 2420 2994 οὗτός

160 3032 283 3107 ἐστι
331 3038 406 3119 ὅς
463 3061 565 3108 τοι
616 3040 730 3108 τὸν
786 3040 1043 3136 πατέρα
1080 3035 1362 3135 Δαρεῖον
1418 3039 1815 3137 ἐδωρήσατο
1866 3041 1950 3133 τῇ
1990 3036 2415 3128 πλατανίστῳ

162 3155 233 3251 τῇ
267 3158 522 3255 χρυσέῃ
562 3159 672 3228 καὶ
705 3160 792 3255 τῇ
833 3154 1156 3253 ἀμπέλῳ·
1244 3158 1317 3238 ὃς
1367 3160 1473 3229 καὶ
1509 3161 1625 3228 νῦν
1665 3158 1807 3230 ἐστι
1842 3164 2109 3255 πρῶτος
2147 3152 2411 3250 ἀνθρώ-

161 3296 289 3344 πων
334 3276 610 3371 πλούτῳ
661 3282 795 3346 τῶν
853 3276 1052 3374 ἡμεῖς
1094 3277 1282 3370 ἴδμεν
1347 3273 1513 3370 μετὰ
1551 3265 1686 3347 σέ.”
1769 3274 2136 3370 θωυμάσας
2173 3273 2246 3344 δὲ
2280 3279 2413 3342 τῶν
2446 3285 2527 3346 28

451 3514 717 3584 συναγωγὴ
754 3517 845 3566 τοῦ
882 3513 1036 3574 πεζοῦ
1072 3517 1284 3583 στρατοῦ
1306 3513 1358 3565 ἐν
1388 3510 1630 3581 Σάρδεσιν
1870 3513 1983 3583 περὶ
2011 3508 2210 3566 Μαιάνδ
2245 3529 2304 3562 ου
2328 3508 2416 3561 καὶ

349 3579 692 3653 Καταράκτου
748 3584 835 3634 καὶ
870 3578 1114 3652 Μαρσύου
1148 3591 1249 3635 τῶν
1287 3590 1529 3652 ποταμῶν
1774 3583 1885 3651 περὶ
1921 3586 2010 3633 τοῦ
2049 3579 2100 3632 ἐν
2143 3527 2414 3635 Κελαιναῖς

348 3651 644 3712 ξεινίσαντος
671 3647 862 3723 Ξέρξην
888 3652 975 3703 καὶ
999 3653 1083 3704 τὸν
1112 3653 1318 3721 στρατὸν
1342 3652 1431 3704 καὶ
1452 3657 1548 3721 τῆς
1575 3649 1810 3726 δοθείσης
1836 3650 1973 3721 αὐτῷ
1986 3649 2179 3720 δωρεᾶς

353 3877 429 3928 16.
473 3873 795 3928 Eustathius
824 3872 892 3928 Il.
923 3892 977 3944 p.
1009 3877 1128 3927 366.
1170 3874 1351 3928 Schol.
1382 3871 1610 3927 Aristid.
1642 3891 1692 3943 p.
1730 3876 1821 3925 147

260 4029 296 4080 1.
335 4029 724 4099 ξυλλελεγμένος
766 4031 848 4084 od
919 4032 941 4095 Η
1013 4032 1062 4080 2.
1114 4028 1366 4098 κριτάλων
1401 4032 1458 4082 bz
1528 4031 1550 4092 11
1620 4029 1705 4080 τὸν
1743 4029 1797 4081 Β
1865 4029 1887 4091 Η
1957 4026 2013 4096 ἐγ
2038 4029 2174 4093 Apr.
2207 4026 2341 4094 Bpr.

177 4094 216 4168 5·
245 4095 562 4170 ὑπαρχόντων
589 4100 627 4152 d
683 4102 705 4163 n
767 4101 814 4149 Ἰ.
855 4098 952 4170 γὰρ
976 4115 1083 4151 om.
1115 4098 1307 4151 Alica
1348 4100 1370 4162 ΙΙ
1418 4116 1478 4149 πε
1515 4096 1772 4155 ιελθόντας
1799 4096 1888 4156 Pz,
1920 4093 2268 4164 περιελθόντος
2297 4092 2349 4142 R

176 4162 213 4212 θ’.
248 4165 559 4236 αλυποταμὸν
584 4171 659 4221 Α*
708 4170 730 4233 ΙΙ
778 4171 826 4218 9.
858 4166 1192 4237 παρεγένοντο
1220 4168 1353 4219 PR:
1400 4170 1421 4232 ΙΙ
1511 4167 1555 4217 1.
1586 4165 1684 4218 ἐὼν
1709 4165 1747 4217 d
1789 4168 1810 4228 ΙΙ
1856 4163 2180 4232 καταρήκτης
2205 4163 2368 4214 ABG

183 4231 242 4282 13.
284 4239 355 4308 τῇ]
396 4240 439 4289 ὦ
474 4238 513 4289 d
579 4239 602 4300 11
676 4237 909 4305 σειληνοϋ
948 4237 1005 4289 R
1075 4238 1096 4300 ΙΙ
1168 4234 1392 4304 pape-50⁸)
1441 4234 1643 4288 ABCA
1709 4236 1730 4297 ΙΙ
1803 4234 1856 4285 ἐν
1891 4233 1958 4302 τῇ
1994 4230 2111 4282 πόλι
2148 4229 2411 4298 expunxit

177 4298 477 4359 Valckenaer
522 4309 546 4370 fl
593 4304 741 4358 πόλει
767 4304 905 4359 GRd
942 4309 965 4371 Η
1011 4305 1090 4355 15.
1122 4304 1265 4356 πόλει
1293 4304 1386 4356 Rel
1426 4307 1447 4369 n
1494 4303 1888 4372 ὑποκαθήμενος
1913 4301 2084 4353 ABR
2123 4301 2146 4362 11
2193 4300 2268 4349 16.
2303 4296 2409 4350 Πυ-

179 4367 272 4430 Ma:
293 4373 465 4428 Schol.
495 4374 669 4427 Arist.
737 4376 759 4437 Ιι
821 4375 847 4426 ό
872 4374 1024 4431 ἇτυος
1051 4373 1199 4426 ΓΗΖ.
1253 4374 1441 4424 Eust.:
1482 4372 1660 4440 ἀτρέος
1708 4374 1731 4436 ΙΙ
1775 4372 1868 4439 τήν
1891 4387 1944 4420 τε
1974 4373 2001 4420 ⁶?
2046 4371 2067 4431 ΙΙ
2120 4369 2195 4418 Π.
2238 4364 2409 4436 ξέρξεα

181 4436 243 4488 ΒΞ
300 4446 319 4507 ss
385 4446 467 4495 21).
521 4442 840 4512 κεκτημένος
883 4445 929 4496 L
996 4447 1017 4507 ΙΙ
1090 4444 1171 4492 22.
1217 4441 1271 4498 ὃς
1295 4444 1388 4506 τοι]
1431 4441 1563 4500 ὅστις
1591 4439 1643 4490 R
1712 4444 1733 4504 ΙΙ
1801 4440 1868 4510 τῇ
1890 4456 1944 4489 τε
1967 4436 2334 4508 πλατανίστῳὲ)
2391 4434 2411 4504 ΙΙ

181 4505 245 4557 23.
277 4511 370 4566 ἔστι
396 4513 449 4567 P
489 4515 511 4580 ΙΙ
561 4514 644 4564 24.
692 4511 970 4582 θωυμάσας
991 4512 1095 4565 Pz:
1137 4511 1382 4581 θωμάσας
