3059 5125
1202 328 1496 385 Praefatio.
2362 347 2499 394 va

416 507 886 580 Pronominis
952 507 1198 588 ἐκεῖνος
1260 504 1570 580 formam
1617 503 2053 602 bisyllabam
2105 506 2322 586 κεῖνος
2377 505 2498 576 Ιο-

205 662 397 710 num
431 647 768 737 constare
803 661 945 710 usu
980 638 1189 712 testis
1224 648 1337 710 est
1369 634 1814 732 Apollonius
1850 637 1940 710 de
1976 658 2188 731 pron.
2219 660 2292 730 p.
2322 633 2493 706 333.

206 769 427 841 cuius
462 768 905 842 auctoritate
952 768 1016 841 si
1061 769 1393 840 animum
1442 767 1828 841 induceres
1875 766 2085 839 abuti
2121 766 2214 837 ad
2248 788 2498 838 emen·

206 899 535 970 dandam
584 896 948 971 Herodoti
1007 898 1414 970 orationem
1428 952 1448 984 ,
1512 906 1591 971 et
1635 894 1750 969 ffli
1811 894 2086 970 faceres
2150 895 2498 968 iniuriam

204 1052 363 1099 non
397 1028 709 1100 habenti
742 1030 944 1100 hunc
978 1052 1288 1122 usquam
1322 1027 1406 1099 in
1440 1027 1861 1100 auctoribus
1904 1026 2203 1098 ionismi
2255 1021 2367 1120 (cf.
2409 1025 2499 1096 de

202 1182 423 1253 pron.
461 1182 539 1251 p.
581 1156 755 1254 378)
775 1212 794 1245 ,
859 1167 937 1230 et
982 1156 1190 1236 brevi
1241 1156 1628 1230 absisteres
1677 1156 1976 1230 infinita
2018 1154 2499 1249 expungendi

202 1287 648 1361 necessitate
711 1287 1119 1360 deterritus.
1244 1286 1472 1358 immo
1523 1310 1697 1359 vero
1753 1285 2014 1382 ingens
2080 1281 2498 1381 trisyllabae

204 1413 493 1489 formae
541 1415 962 1512 fiequentia
1005 1416 1473 1488 Dindorfium
1522 1414 2117 1511 Bredoviumque
2181 1415 2263 1485 in
2324 1437 2499 1485 con-

206 1547 524 1619 trarium
574 1544 846 1619 detulit
891 1569 1202 1619 errorem
1222 1601 1241 1633 ,
1293 1555 1380 1619 ut
1427 1554 1696 1618 cuncta
1743 1546 1824 1618 in
1874 1545 2036 1617 eius
2084 1542 2499 1638 redigerent

208 1677 586 1749 dicionem
610 1673 1193 1772 bisyllabamque
1219 1673 1440 1770 plane
1467 1675 2062 1749 exterminarent.
2119 1670 2493 1767 similique

207 1807 500 1879 ratione
533 1802 703 1878 falsi
739 1804 967 1878 θέλειν
1024 1805 1301 1900 ubique
1348 1802 1644 1878 voluere
1695 1803 1932 1876 solum
1973 1812 2282 1891 vertere,
2333 1827 2499 1897 spe·-

207 1946 463 2007 rantes
502 1934 804 2018 scilicet,
843 1934 1040 2029 quod
1070 1935 1261 2006 ratio
1308 1933 1598 2009 iuberet
1645 1935 1791 2006 fide
1838 1932 2192 2006 librorum
2242 1942 2500 2028 postea

208 2075 456 2138 ratum
488 2062 665 2136 fore.
757 2065 885 2136 sed
919 2087 1174 2137 eorum
1209 2046 1602 2136 admodum
1639 2064 1914 2159 exigua
1945 2063 2026 2135 in
2059 2062 2181 2134 his
2216 2063 2497 2135 dissen-

210 2196 320 2267 sio
357 2204 495 2279 est,
534 2203 643 2282 ut,
676 2194 738 2266 si
776 2194 957 2288 quid
992 2195 1369 2266 turbatum
1402 2203 1537 2281 est,
1569 2194 1809 2288 prisca
1843 2202 2082 2267 aetate
2117 2193 2494 2264 turbatum

212 2348 371 2395 esse
406 2347 705 2396 necesse
733 2323 851 2395 sit.
916 2347 1232 2396 errorem
1263 2331 1511 2396 autem
1542 2328 1741 2421 quod
1770 2323 1954 2410 dixi,
1986 2321 2166 2394 alias
2193 2323 2496 2394 demon-

214 2465 441 2525 strare
494 2454 811 2525 conabor
826 2508 845 2539 ,
914 2453 1110 2548 quod
1158 2477 1310 2525 non
1361 2461 1604 2547 potest
1650 2451 1845 2525 intra
1893 2453 2112 2525 breve
2175 2450 2494 2546 spatium

214 2582 521 2670 absolvi,
548 2607 699 2656 non
723 2584 941 2655 modo
965 2591 1310 2678 utrasque
1332 2579 1601 2656 formas
1629 2607 1675 2655 a
1699 2583 1772 2655 vi
1796 2606 1953 2655 esse
1977 2582 2495 2678 prohibendus,

214 2717 343 2786 sed
411 2715 739 2788 eminere
801 2737 954 2785 non
1014 2715 1401 2786 obscuram
1465 2712 1527 2784 si
1575 2712 1822 2785 minus
1883 2713 2159 2807 ubique
2218 2719 2297 2783 at
2345 2735 2494 2784 non

211 2844 466 2938 paucis
492 2842 675 2915 locis
708 2866 886 2915 usus
923 2867 1324 2938 sensusque
1362 2841 1882 2915 diversitatem.
1945 2866 2040 2914 an
2077 2842 2493 2937 quisquam,

214 2983 300 3046 ut
337 2975 483 3046 hoc
532 2970 927 3068 proferam,
994 2997 1170 3045 casu
1230 2969 1508 3045 factum
1560 2972 2022 3045 existimabit
2041 3028 2060 3058 ,
2124 2972 2322 3067 quod
2382 2971 2496 3043 bi-

215 3102 496 3200 syllaba
529 3126 765 3198 paene
812 3110 1270 3174 constantem
1312 3101 1541 3175 habet
1592 3103 1838 3174 sedem
1888 3102 1971 3173 in
2019 3101 2248 3173 huius
2291 3101 2490 3172 modi

216 3233 562 3306 membris
595 3232 980 3304 orationis:
1071 3233 1145 3303 A
1186 3232 1281 3304 78
1331 3229 1626 3325 μαθοῦσι
1660 3269 1766 3286 —·-
1796 3232 1875 3302 τὸ
1909 3228 2098 3303 θέλει
2135 3232 2489 3328 σημαίνειν

215 3364 296 3433 τὸ
330 3362 563 3459 τέρας,
626 3357 681 3432 Γ
720 3363 817 3436 65
864 3358 1303 3433 ἐντέλλεσθαι
1351 3357 1434 3431 τὰ
1480 3358 1671 3433 θέλω
1709 3384 1824 3454 μοι
1872 3357 2221 3456 γενέσθαι,
2304 3355 2356 3428 Ζ
2394 3358 2489 3430 37

216 3488 673 3584 πλανωμένων
709 3531 800 3543 -
834 3492 913 3561 τὸ
946 3487 1136 3561 θέλει
1167 3490 1244 3560 τὸ
1282 3487 1447 3570 ἔπος
1484 3486 1671 3572 εἶναι,
1728 3485 1793 3558 Η
1824 3489 1868 3561 8
1907 3487 1977 3561 ἐν
2011 3490 2180 3560 πᾶσι
2211 3486 2370 3585 εἴπῃ
2409 3483 2495 3557 τὰ

216 3617 425 3701 θέλει,
466 3618 563 3691 37
588 3618 803 3717 εἴρετο
826 3620 1025 3690 -τὸ
1058 3615 1245 3691 θέλει
1278 3621 1669 3716 προφαίνειν
1705 3620 1787 3689 τὸ
1825 3616 2083 3715 φάσμα,
2132 3617 2266 3688 101
2307 3615 2491 3688 ἐπεί-

222 3746 452 3846 ρεσθαι
483 3743 567 3817 τὰ
598 3744 806 3818 θέλω.
872 3756 1004 3820 aut
1039 3747 1435 3834 dubitabit,
1464 3746 1763 3842 optione
1789 3770 1921 3841 per
1956 3746 2238 3818 codices
2272 3742 2490 3830 facta,

220 3877 521 3949 eandem
558 3877 750 3950 tueri
785 3873 841 3948 Δ
884 3877 1020 3949 131
1064 3883 1318 3974 γνῶναι
1351 3876 1427 3948 τὸ
1462 3873 1650 3948 θέλει
1685 3875 1771 3948 τὰ
1805 3875 1992 3974 δῶρα
2029 3872 2264 3972 λέγειν,
2307 3869 2367 3944 E
2393 3875 2488 3946 80

220 4006 505 4077 συνιέναι
570 4008 650 4077 τὸ
705 4003 893 4078 θέλει
954 4004 1194 4103 λέγειν.
1319 4029 1494 4077 nam
1559 4005 1756 4100 quod
1818 4028 2052 4076 unum
2113 4010 2493 4098 praeterea

222 4135 457 4208 obniti
512 4135 802 4209 videtur
862 4132 1288 4230 exemplum
1354 4133 1434 4206 Η
1492 4134 1634 4207 162
1696 4131 1890 4213 οὗτος
1940 4130 2018 4204 δὲ
2076 4131 2111 4202 ὁ
2168 4133 2322 4213 νόος
2368 4136 2488 4202 τοῦ

224 4263 514 4361 ῥήματος
566 4267 645 4336 τὸ
702 4262 923 4336 ἐθέλει
988 4263 1203 4360 λέγειν
1226 4322 1241 4348 ,
1314 4260 1706 4336 manifesto
1751 4261 1899 4335 tria
1947 4258 2211 4334 ultima
2270 4263 2493 4333 verba

225 4393 469 4486 spuria
513 4402 706 4466 sunt.
813 4403 1036 4489 atque
1086 4392 1203 4466 his
1253 4394 1538 4466 duobus
1589 4389 1961 4465 vocabulis
2019 4390 2266 4463 statim
2319 4391 2491 4462 sub—

225 4531 505 4594 nectam
550 4523 846 4596 tertium
898 4546 1048 4595 non
1110 4547 1381 4618 genere
1433 4520 1689 4606 affine,
1757 4522 1886 4593 sed
1939 4521 2116 4616 quia
2173 4519 2489 4591 similem
