3059 5125
579 348 746 391 nvm
1574 327 1861 383 Praemia.

577 504 639 574 B
686 504 855 589 156,
892 499 1144 596 Τιμοῦν
1185 501 1237 574 Ζ
1286 504 1449 575 134.
1499 504 1694 599 135),
1739 515 1897 577 turn
1934 506 2015 577 in
2051 510 2109 575 ώ
2146 506 2297 579 sive
2336 513 2395 575 ὦ
2434 505 2628 600 (αἰδῶ
2666 509 2739 577 A
2779 507 2850 588 8,

573 632 687 729 ἠῶ
738 632 1033 725 passim,
1096 631 1315 702 πειθώ
1367 631 1419 701 6
1471 633 1639 719 111,
1710 631 1921 704 Πυθώ
1969 637 2042 706 Α
2088 635 2209 719 54,
2262 633 2507 733 Σαρδώ
2557 636 2631 705 A
2686 636 2848 706 170.

583 757 639 831 1⁴]
686 762 849 834 106.
901 761 1065 832 124.
1121 759 1173 831 Z
1212 759 1307 855 2).
1412 786 1558 857 quo
1610 763 2162 857 adiungendum
2213 763 2407 835 εἰκών
2458 761 2855 857 dupliciter

578 888 1063 962 declinatum:
1103 888 1322 962 εἰκόνα
1359 894 1432 962 Α
1474 893 1592 962 51.
1634 891 1697 962 Β
1744 893 1908 963 106.
1962 892 2127 977 143,
2164 891 2324 962 εἰκώ
2363 887 2425 962 Η
2464 891 2586 964 69.

780 1018 989 1092 Haec
1038 1026 1114 1091 et
1163 1018 1345 1091 talia
1391 1045 1561 1091 eum
1612 1021 1931 1114 primum
1984 1020 2192 1114 coepi
2252 1018 2598 1115 colligere
2618 1075 2637 1105 ,
2705 1028 2851 1092 tam

444 1200 448 1206 ‚
574 1147 781 1243 larga
813 1173 984 1219 mox
1024 1150 1384 1221 succrevit
1409 1151 1717 1221 materia
1743 1159 2040 1244 tamque
2068 1146 2487 1243 multipleX,
2517 1159 2625 1235 ut,
2656 1162 2854 1244 post-

575 1301 792 1371 quam
846 1302 1272 1371 expromere
1323 1288 1400 1350 et
1446 1278 1775 1372 digerere
1826 1279 2157 1364 institui,
2214 1279 2514 1351 haereat
2563 1281 2855 1351 animus

575 1431 934 1501 quaenam
985 1407 1451 1500 potissimum
1499 1431 1770 1502 genera
1816 1409 2284 1490 distribuere,
2339 1432 2483 1502 quo
2519 1432 2857 1503 quaeque

574 1533 734 1607 loco
768 1536 1155 1630 disponere
1191 1537 1517 1609 debeam.
1611 1544 1687 1607 at
1721 1537 1945 1622 enim,
1999 1545 2083 1609 ut
2128 1560 2352 1631 supra
2396 1539 2853 1630 praemonui,

575 1663 745 1736 11010
780 1689 982 1737 nunc
1013 1665 1376 1737 rationem
1410 1663 1709 1736 dialecti
1760 1666 1840 1736 in
1877 1690 2128 1738 omnes
2178 1674 2421 1760 partes
2456 1665 2855 1760 explicare,

575 1818 829 1866 verum
894 1795 1079 1867 fines
1144 1802 1464 1865 coartare
1517 1761 1966 1889 modumque
2017 1796 2458 1868 constituere
2509 1797 2859 1867 emenda-—

575 1923 820 1993 tionis.
913 1923 1166 2016 itaque
1201 1923 1376 1995 satis
1417 1923 1702 1995 habebo
1738 1947 1891 1995 rem
1928 1923 2067 1998 filo.
2105 1925 2463 1997 deducere
2499 1925 2858 2011 crassiori,

574 2061 661 2123 ut
694 2049 969 2123 similia
1004 2050 1370 2124 similibus
1406 2054 1917 2146 adgregentur,
1960 2052 2207 2147 ipsum
2243 2053 2573 2126 ordinem
2610 2055 2861 2126 minus

576 2205 858 2252 curans.
994 2180 1077 2252 in
1139 2182 1522 2252 nominum
1583 2181 1814 2275 igitur
1873 2182 2079 2254 varia
2135 2179 2625 2256 declinatione
2687 2209 2857 2256 curn

573 2310 985 2383 substiterit
1020 2311 1376 2405 quaesti0‚
1415 2333 1870 2405 exequamur
1906 2311 2053 2382 iam
2080 2311 2240 2384 eius
2266 2310 2640 2406 reliquias,
2667 2339 2863 2407 quae

576 2448 751 2511 sunt
797 2437 952 2512 fere
1000 2464 1094 2512 ex
1143 2464 1229 2511 eo
1277 2463 1545 2534 genere
1596 2439 1792 2533 quod
1829 2439 2079 2535 attigit
2112 2441 2411 2514 Lobeek
2446 2444 2539 2513 ad
2577 2443 2856 2538 Phryn.

576 2595 646 2664 p.
693 2570 863 2642 762.
957 2568 993 2639 ὁ
1033 2565 1396 2649 Καύκασος
1429 2549 1502 2640 A
1543 2569 1714 2641 203.
1758 2570 1933 2656 204,
1977 2571 2087 2640 τὸν
2128 2566 2487 2642 Καύκασον
2521 2568 2577 2641 Δ
2623 2573 2738 2657 12,
2778 2578 2859 2644 τὸ

578 2695 964 2770 Καυκάσιον
1011 2695 1171 2796 ὄρος
1214 2699 1288 2769 Α
1336 2698 1514 2769 104:
1569 2706 1647 2768 at
1698 2698 1895 2795 μέχρι
1948 2694 2334 2780 Καυκάσιος
2385 2697 2579 2798 ὄρεος
2634 2698 2685 2771 Γ
2729 2703 2857 2787 97,

577 2852 721 2923 quo
758 2836 1041 2921 spectat
1073 2826 1435 2920 Stephani
1472 2828 1756 2899 notatio
1793 2852 1864 2922 p.
1910 2826 2056 2900 369
2115 2824 2383 2924 λέγεται
2432 2827 2543 2898 καὶ
2590 2825 2700 2901 διὰ
2732 2836 2857 2900 τοῦ

575 2956 609 3020 ι’
639 2952 1001 3036 Καύκασις.
1091 2957 1300 3028 sedes
1337 2956 1776 3051 Scytharum
1814 2964 2166 3028 vocantur
2216 2964 2371 3027 tum
2428 2962 2517 3055 γῆ
2554 2954 2856 3056 Σκυθική

576 3097 733 3157 tum
769 3085 817 3183 ἡ
854 3082 1175 3181 Σκυθική,
1230 3082 1487 3181 Σκυθίη
1540 3110 1713 3158 vero
1761 3108 2033 3158 nomen
2082 3109 2213 3178 per
2247 3107 2539 3156 omnem
2574 3087 2862 3181 graeei-

575 3223 799 3287 tatem
837 3213 1012 3285 satis
1048 3236 1294 3284 rarum
1331 3214 1616 3286 duobus
1652 3212 1829 3286 locis
1875 3214 2267 3286 indubium
2317 3223 2432 3286 est
2480 3238 2611 3307 per
2660 3217 2861 3287 codi-

575 3367 693 3417 ces
730 3341 783 3414 Δ
824 3344 892 3414 8.
943 3343 1068 3428 17,
1119 3341 1341 3414 tertio
1394 3346 1448 3412 Δ
1488 3344 1585 3415 99
1640 3338 1774 3413 άπὸ
1816 3328 2085 3438 Ἴστρου
2123 3340 2295 3440 αὕτη
2333 3342 2471 3440 ἤδη
2512 3344 2560 3441 ἡ
2596 3339 2857 3442 ἀρχαίη

576 3469 829 3568 Σκυθίη
872 3469 1014 3542 ἐστί
1063 3476 1139 3542 et
1171 3473 1663 3543 necessarium
1698 3480 1810 3543 est
1844 3480 1920 3544 et
1954 3480 2161 3566 parte
2197 3466 2532 3545 codicum
2567 3482 2861 3545 susten-

577 3608 775 3672 tatur
794 3654 813 3686 ,
891 3600 1329 3694 videturque
1392 3600 1486 3672 ab
1558 3601 1717 3694 ipso
1781 3600 2156 3674 Herodoto
2218 3609 2594 3695 sumptum
2658 3605 2863 3697 apud

576 3728 1036 3823 Stephanum
1071 3753 1145 3822 p.
1182 3728 1354 3815 578,
1392 3729 1505 3801 14.
1578 3721 1980 3827 Βακτριανοὶ
2013 3727 2238 3802 semel
2272 3739 2628 3803 vocantur
2664 3728 2719 3801 Γ
2758 3733 2859 3805 92

578 3858 707 3951 qui
759 3856 1021 3929 ceteris
1069 3854 1246 3929 locis
1296 3868 1409 3931 sat
1457 3856 1711 3930 multis
1760 3854 2105 3957 Βάκτριοι.
2207 3866 2495 3931 tantum
2548 3862 2641 3933 de
2686 3884 2863 3954 pro-

576 3984 798 4081 priis:
837 3985 918 4057 in
953 3982 1422 4080 appellativis
1455 3988 1641 4060 haec
1667 3990 2164 4060 observantur.
2238 3986 2556 4085 ζορκάδες
2582 3991 2655 4060 Α
2688 3990 2860 4075 192,

578 4111 892 4211 δορκάδες
929 4109 992 4184 Η
1033 4114 1165 4188 69;
1207 4118 1403 4210 quod
1436 4140 1587 4190 non
1625 4115 2053 4190 admirabile
2089 4117 2171 4189 in
2206 4140 2380 4190 voce
2416 4140 2557 4189 usu
2592 4141 2860 4212 parum

582 4243 758 4316 trita
816 4241 1143 4338 locisque
1205 4240 1423 4340 longe
1485 4247 1953 4318 distantibus.
2059 4255 2136 4319 at
2183 4270 2355 4319 vero
2406 4245 2482 4328 ὗς
2531 4272 2699 4320 eum
2752 4249 2861 4320 ita

579 4372 868 4467 legatur
901 4374 1223 4467 septiens
1259 4375 1577 4460 deciens,
1614 4398 1765 4455 non
1802 4374 1945 4449 tuli
1969 4377 2043 4447 A
2072 4376 2168 4449 36
2208 4378 2365 4456 συὸς
2399 4383 2638 4476 χρῆμα
2674 4400 2861 4471 pau-—

577 4524 828 4580 corum
868 4526 1210 4577 versuum
1262 4501 1650 4579 intervallo
1701 4505 2118 4579 diiunctum
2163 4506 2257 4577 ab
2294 4503 2411 4585 ὑὸς
2444 4512 2687 4606 χρῆμα
2722 4530 2859 4581 nec
