<?xml version="1.0" encoding="UTF-8"?>
<!DOCTYPE html PUBLIC "-//W3C//DTD XHTML 1.0 Transitional//EN"
    "http://www.w3.org/TR/xhtml1/DTD/xhtml1-transitional.dtd">
<html xmlns="http://www.w3.org/1999/xhtml" xml:lang="en" lang="en">
 <head>
  <title>
</title>
<meta http-equiv="Content-Type" content="text/html;charset=utf-8" />
  <meta name='ocr-system' content='tesseract 3.04.00' />
  <meta name='ocr-capabilities' content='ocr_page ocr_carea ocr_par ocr_line ocrx_word'/>
</head>
<body>
  <div class='ocr_page' id='page_1' title='image "./herodotihistori00unkngoog/herodotihistori00unkngoog_0063.png"; bbox 0 0 3059 5125; ppageno 0'>
   <div class='ocr_carea' id='block_1_1' title="bbox 1179 330 2472 395">
    <p class='ocr_par' dir='ltr' id='par_1_1' title="bbox 1179 330 2472 395">
     <span class='ocr_line' id='line_1_1' title="bbox 1179 330 2472 395; baseline 0.009 -12"><span class='ocrx_word' id='word_1_1' title='bbox 1179 330 1468 384; x_wconf 71' lang='lat' dir='ltr'>Praefatio.</span> <span class='ocrx_word' id='word_1_2' title='bbox 2388 352 2472 395; x_wconf 79' lang='lat' dir='ltr'>LV</span> 
     </span>
    </p>
   </div>
   <div class='ocr_carea' id='block_1_2' title="bbox 198 495 2476 4595">
    <p class='ocr_par' dir='ltr' id='par_1_2' title="bbox 198 495 2476 4595">
     <span class='ocr_line' id='line_1_2' title="bbox 207 495 2467 604; baseline -0.002 -24"><span class='ocrx_word' id='word_1_3' title='bbox 207 511 695 580; x_wconf 74' lang='grc' dir='ltr'>συνεπεπτώκεε</span> <span class='ocrx_word' id='word_1_4' title='bbox 732 505 872 604; x_wconf 82' lang='grc' dir='ltr'><strong>ἔρις</strong></span> <span class='ocrx_word' id='word_1_5' title='bbox 917 505 1125 579; x_wconf 82' lang='grc' dir='ltr'>ἐοῦσα</span> <span class='ocrx_word' id='word_1_6' title='bbox 1168 507 1339 604; x_wconf 83' lang='grc' dir='ltr'>πρὸς</span> <span class='ocrx_word' id='word_1_7' title='bbox 1384 495 1740 604; x_wconf 76' lang='grc' dir='ltr'><strong>Ἀργείους</strong></span> <span class='ocrx_word' id='word_1_8' title='bbox 1772 509 1924 603; x_wconf 81' lang='grc' dir='ltr'>περὶ</span> <span class='ocrx_word' id='word_1_9' title='bbox 1961 509 2192 604; x_wconf 84' lang='grc' dir='ltr'><strong>χώρου</strong></span> <span class='ocrx_word' id='word_1_10' title='bbox 2229 505 2467 578; x_wconf 80' lang='grc' dir='ltr'><strong>καλεο-</strong></span> 
     </span>
     <span class='ocr_line' id='line_1_3' title="bbox 212 630 2472 733; baseline -0.001 -27"><span class='ocrx_word' id='word_1_11' title='bbox 212 636 399 729; x_wconf 77' lang='grc' dir='ltr'><strong>μένου</strong></span> <span class='ocrx_word' id='word_1_12' title='bbox 454 632 841 731; x_wconf 78' lang='grc' dir='ltr'><strong>Θυρέης·</strong></span> <span class='ocrx_word' id='word_1_13' title='bbox 915 631 1068 714; x_wconf 85' lang='grc' dir='ltr'><strong>τὰς</strong></span> <span class='ocrx_word' id='word_1_14' title='bbox 1133 630 1294 731; x_wconf 76' lang='grc' dir='ltr'>γὰρ</span> <span class='ocrx_word' id='word_1_15' title='bbox 1348 630 1685 732; x_wconf 79' lang='grc' dir='ltr'><strong>Θυρέας</strong></span> <span class='ocrx_word' id='word_1_16' title='bbox 1749 635 1995 713; x_wconf 85' lang='grc' dir='ltr'><strong>ταύτας</strong></span> <span class='ocrx_word' id='word_1_17' title='bbox 2050 632 2293 713; x_wconf 79' lang='grc' dir='ltr'>ἐούσας</span> <span class='ocrx_word' id='word_1_18' title='bbox 2347 642 2472 733; x_wconf 80' lang='grc' dir='ltr'><strong>τῆς</strong></span> 
     </span>
     <span class='ocr_line' id='line_1_4' title="bbox 204 752 2467 861; baseline 0 -28"><span class='ocrx_word' id='word_1_19' title='bbox 204 752 588 861; x_wconf 73' lang='grc' dir='ltr'>Ἀργολίδος</span> <span class='ocrx_word' id='word_1_20' title='bbox 625 761 765 834; x_wconf 84' lang='grc' dir='ltr'><strong>κτλ.</strong></span> <span class='ocrx_word' id='word_1_21' title='bbox 856 771 1080 857; x_wconf 87' lang='lat' dir='ltr'>atque</span> <span class='ocrx_word' id='word_1_22' title='bbox 1112 763 1389 834; x_wconf 80' lang='lat' dir='ltr'>ibidem</span> <span class='ocrx_word' id='word_1_23' title='bbox 1429 763 1685 858; x_wconf 75' lang='grc' dir='ltr'><strong>Ηυρέας</strong></span> <span class='ocrx_word' id='word_1_24' title='bbox 1720 771 1795 834; x_wconf 89' lang='lat' dir='ltr'>et</span> <span class='ocrx_word' id='word_1_25' title='bbox 1831 761 2143 860; x_wconf 76' lang='grc' dir='ltr'>Θυρέῃσι,</span> <span class='ocrx_word' id='word_1_26' title='bbox 2184 771 2260 833; x_wconf 85' lang='lat' dir='ltr'>at</span> <span class='ocrx_word' id='word_1_27' title='bbox 2289 760 2340 833; x_wconf 85' lang='lat' dir='ltr'><strong>Z</strong></span> <span class='ocrx_word' id='word_1_28' title='bbox 2375 764 2467 834; x_wconf 90' lang='grc'>76</span> 
     </span>
     <span class='ocr_line' id='line_1_5' title="bbox 205 886 2474 989; baseline 0 -26"><span class='ocrx_word' id='word_1_29' title='bbox 205 916 436 963; x_wconf 73' lang='lat' dir='ltr'>rui-sun</span> <span class='ocrx_word' id='word_1_30' title='bbox 489 891 752 989; x_wconf 78' lang='grc' dir='ltr'><strong>θυρέην</strong></span> <span class='ocrx_word' id='word_1_31' title='bbox 805 900 935 964; x_wconf 86' lang='lat' dir='ltr'>est.</span> <span class='ocrx_word' id='word_1_32' title='bbox 1027 886 1329 963; x_wconf 80' lang='grc' dir='ltr'><strong>Μαλέων</strong></span> <span class='ocrx_word' id='word_1_33' title='bbox 1382 892 1459 963; x_wconf 91' lang='grc' dir='ltr'><strong>Α</strong></span> <span class='ocrx_word' id='word_1_34' title='bbox 1497 893 1592 963; x_wconf 92' lang='grc'>82</span> <span class='ocrx_word' id='word_1_35' title='bbox 1648 890 1776 984; x_wconf 85' lang='lat' dir='ltr'>(sic</span> <span class='ocrx_word' id='word_1_36' title='bbox 1811 890 2010 962; x_wconf 92' lang='lat' dir='ltr'>enim</span> <span class='ocrx_word' id='word_1_37' title='bbox 2044 888 2270 977; x_wconf 90' lang='lat' dir='ltr'>volui,</span> <span class='ocrx_word' id='word_1_38' title='bbox 2323 915 2474 963; x_wconf 90' lang='lat' dir='ltr'>non</span> 
     </span>
     <span class='ocr_line' id='line_1_6' title="bbox 205 1014 2468 1115; baseline -0.001 -22"><span class='ocrx_word' id='word_1_39' title='bbox 205 1023 386 1115; x_wconf 85' lang='lat' dir='ltr'>quod</span> <span class='ocrx_word' id='word_1_40' title='bbox 446 1029 968 1114; x_wconf 76' lang='lat' dir='ltr'>expresserunt</span> <span class='ocrx_word' id='word_1_41' title='bbox 1028 1014 1428 1114; x_wconf 79' lang='grc' dir='ltr'><strong>Μαλεὲων),</strong></span> <span class='ocrx_word' id='word_1_42' title='bbox 1501 1014 1789 1111; x_wconf 77' lang='grc' dir='ltr'>Μαλέην</span> <span class='ocrx_word' id='word_1_43' title='bbox 1842 1015 1897 1088; x_wconf 93' lang='grc' dir='ltr'><strong>Δ</strong></span> <span class='ocrx_word' id='word_1_44' title='bbox 1956 1019 2119 1091; x_wconf 86' lang='grc'><strong>179.</strong></span> <span class='ocrx_word' id='word_1_45' title='bbox 2180 1017 2240 1090; x_wconf 85' lang='grc' dir='ltr'><strong>Η</strong></span> <span class='ocrx_word' id='word_1_46' title='bbox 2306 1022 2468 1093; x_wconf 88' lang='grc'><strong>168.</strong></span> 
     </span>
     <span class='ocr_line' id='line_1_7' title="bbox 209 1147 2471 1245; baseline 0.001 -26"><span class='ocrx_word' id='word_1_47' title='bbox 209 1147 540 1221; x_wconf 83' lang='grc' dir='ltr'><strong>Πλάταιαν</strong></span> <span class='ocrx_word' id='word_1_48' title='bbox 591 1148 816 1222; x_wconf 86' lang='lat' dir='ltr'>semel</span> <span class='ocrx_word' id='word_1_49' title='bbox 865 1150 1060 1221; x_wconf 82' lang='lat' dir='ltr'>dixit</span> <span class='ocrx_word' id='word_1_50' title='bbox 1111 1149 1161 1219; x_wconf 79' lang='grc' dir='ltr'>θ</span> <span class='ocrx_word' id='word_1_51' title='bbox 1205 1152 1326 1235; x_wconf 84' lang='grc'>50,</span> <span class='ocrx_word' id='word_1_52' title='bbox 1378 1173 1599 1243; x_wconf 86' lang='lat' dir='ltr'>quam</span> <span class='ocrx_word' id='word_1_53' title='bbox 1650 1147 1914 1220; x_wconf 80' lang='lat' dir='ltr'>totiens</span> <span class='ocrx_word' id='word_1_54' title='bbox 1951 1173 2150 1222; x_wconf 90' lang='lat' dir='ltr'>more</span> <span class='ocrx_word' id='word_1_55' title='bbox 2188 1148 2471 1245; x_wconf 84' lang='lat' dir='ltr'>vulgari</span> 
     </span>
     <span class='ocr_line' id='line_1_8' title="bbox 200 1274 2475 1375; baseline 0.001 -26"><span class='ocrx_word' id='word_1_56' title='bbox 200 1303 358 1350; x_wconf 75' lang='lat' dir='ltr'>casu</span> <span class='ocrx_word' id='word_1_57' title='bbox 407 1278 637 1350; x_wconf 80' lang='lat' dir='ltr'>dandi</span> <span class='ocrx_word' id='word_1_58' title='bbox 687 1278 1221 1373; x_wconf 81' lang='lat' dir='ltr'>accusandique</span> <span class='ocrx_word' id='word_1_59' title='bbox 1273 1275 1389 1351; x_wconf 89' lang='lat' dir='ltr'>vel</span> <span class='ocrx_word' id='word_1_60' title='bbox 1428 1274 1812 1375; x_wconf 77' lang='grc' dir='ltr'>Πλαταιῇσι</span> <span class='ocrx_word' id='word_1_61' title='bbox 1847 1285 1922 1349; x_wconf 91' lang='lat' dir='ltr'>et</span> <span class='ocrx_word' id='word_1_62' title='bbox 1960 1274 2325 1360; x_wconf 87' lang='grc' dir='ltr'><strong>Πλαταιάς,</strong></span> <span class='ocrx_word' id='word_1_63' title='bbox 2391 1289 2475 1351; x_wconf 89' lang='lat' dir='ltr'>ut</span> 
     </span>
     <span class='ocr_line' id='line_1_9' title="bbox 201 1406 2472 1503; baseline 0 -25"><span class='ocrx_word' id='word_1_64' title='bbox 201 1408 476 1502; x_wconf 79' lang='lat' dir='ltr'>scripsit</span> <span class='ocrx_word' id='word_1_65' title='bbox 531 1409 600 1480; x_wconf 82' lang='lat'><em>0</em></span> <span class='ocrx_word' id='word_1_66' title='bbox 645 1415 866 1501; x_wconf 86' lang='lat' dir='ltr'>atque</span> <span class='ocrx_word' id='word_1_67' title='bbox 917 1408 1285 1480; x_wconf 83' lang='lat' dir='ltr'>interdum</span> <span class='ocrx_word' id='word_1_68' title='bbox 1336 1407 1410 1478; x_wconf 84' lang='lat' dir='ltr'><strong><em>R</em></strong></span> <span class='ocrx_word' id='word_1_69' title='bbox 1469 1433 1566 1480; x_wconf 85' lang='lat' dir='ltr'>ex</span> <span class='ocrx_word' id='word_1_70' title='bbox 1614 1406 2022 1480; x_wconf 83' lang='lat' dir='ltr'>Herodiani</span> <span class='ocrx_word' id='word_1_71' title='bbox 2084 1418 2472 1503; x_wconf 83' lang='lat' dir='ltr'>praecepto</span> 
     </span>
     <span class='ocr_line' id='line_1_10' title="bbox 203 1533 2472 1631; baseline 0.001 -25"><span class='ocrx_word' id='word_1_72' title='bbox 203 1538 234 1606; x_wconf 95' lang='grc' dir='ltr'><strong>Ι</strong></span> <span class='ocrx_word' id='word_1_73' title='bbox 269 1561 337 1630; x_wconf 92' lang='lat' dir='ltr'>p.</span> <span class='ocrx_word' id='word_1_74' title='bbox 380 1536 556 1621; x_wconf 88' lang='grc'><strong>273,</strong></span> <span class='ocrx_word' id='word_1_75' title='bbox 607 1534 749 1622; x_wconf 84' lang='lat' dir='ltr'>vel,</span> <span class='ocrx_word' id='word_1_76' title='bbox 803 1545 888 1608; x_wconf 89' lang='lat' dir='ltr'>ut</span> <span class='ocrx_word' id='word_1_77' title='bbox 921 1536 1000 1607; x_wconf 88' lang='lat' dir='ltr'>in</span> <span class='ocrx_word' id='word_1_78' title='bbox 1035 1537 1460 1631; x_wconf 84' lang='lat' dir='ltr'>Archetypo</span> <span class='ocrx_word' id='word_1_79' title='bbox 1511 1533 1655 1608; x_wconf 83' lang='lat' dir='ltr'>fuit</span> <span class='ocrx_word' id='word_1_80' title='bbox 1688 1541 1765 1608; x_wconf 90' lang='lat' dir='ltr'>et</span> <span class='ocrx_word' id='word_1_81' title='bbox 1797 1535 1949 1608; x_wconf 86' lang='lat' dir='ltr'>AB</span> <span class='ocrx_word' id='word_1_82' title='bbox 1984 1547 2472 1630; x_wconf 81' lang='lat' dir='ltr'>perseverant,</span> 
     </span>
     <span class='ocr_line' id='line_1_11' title="bbox 203 1662 2468 1762; baseline 0.002 -28"><span class='ocrx_word' id='word_1_83' title='bbox 203 1662 577 1762; x_wconf 73' lang='grc' dir='ltr'><strong>ΙΙλαταίῃσι</strong></span> <span class='ocrx_word' id='word_1_84' title='bbox 613 1674 690 1737; x_wconf 92' lang='lat' dir='ltr'>et</span> <span class='ocrx_word' id='word_1_85' title='bbox 717 1662 1080 1744; x_wconf 80' lang='grc' dir='ltr'><strong>Πλαταίας.</strong></span> <span class='ocrx_word' id='word_1_86' title='bbox 1150 1674 1226 1738; x_wconf 89' lang='lat' dir='ltr'>et</span> <span class='ocrx_word' id='word_1_87' title='bbox 1259 1666 1442 1737; x_wconf 79' lang='lat' dir='ltr'>haec</span> <span class='ocrx_word' id='word_1_88' title='bbox 1474 1664 1769 1759; x_wconf 88' lang='lat' dir='ltr'>quidem</span> <span class='ocrx_word' id='word_1_89' title='bbox 1807 1664 2113 1760; x_wconf 86' lang='lat' dir='ltr'>ancipiti</span> <span class='ocrx_word' id='word_1_90' title='bbox 2144 1689 2468 1740; x_wconf 88' lang='lat' dir='ltr'>numero.</span> 
     </span>
     <span class='ocr_line' id='line_1_12' title="bbox 202 1789 2470 1880; baseline 0 -15"><span class='ocrx_word' id='word_1_91' title='bbox 202 1792 620 1866; x_wconf 86' lang='lat' dir='ltr'>heteroclita</span> <span class='ocrx_word' id='word_1_92' title='bbox 653 1802 902 1866; x_wconf 89' lang='lat' dir='ltr'>autem</span> <span class='ocrx_word' id='word_1_93' title='bbox 937 1794 1120 1866; x_wconf 87' lang='lat' dir='ltr'>haec</span> <span class='ocrx_word' id='word_1_94' title='bbox 1157 1795 1446 1866; x_wconf 79' lang='lat' dir='ltr'>habeto.</span> <span class='ocrx_word' id='word_1_95' title='bbox 1540 1789 1914 1866; x_wconf 73' lang='grc' dir='ltr'>Οἰδιπόδεω</span> <span class='ocrx_word' id='word_1_96' title='bbox 1966 1791 2020 1863; x_wconf 88' lang='grc' dir='ltr'><strong>Δ</strong></span> <span class='ocrx_word' id='word_1_97' title='bbox 2066 1795 2232 1880; x_wconf 87' lang='grc'><strong>149,</strong></span> <span class='ocrx_word' id='word_1_98' title='bbox 2289 1791 2470 1865; x_wconf 79' lang='grc' dir='ltr'><strong>Οἰδί-</strong></span> 
     </span>
     <span class='ocr_line' id='line_1_13' title="bbox 198 1916 2469 2020; baseline 0.001 -30"><span class='ocrx_word' id='word_1_99' title='bbox 198 1948 352 1991; x_wconf 86' lang='grc' dir='ltr'><strong>πουν</strong></span> <span class='ocrx_word' id='word_1_100' title='bbox 391 1919 450 1993; x_wconf 81' lang='grc' dir='ltr'>Ε</span> <span class='ocrx_word' id='word_1_101' title='bbox 489 1925 619 2009; x_wconf 93' lang='grc'>60,</span> <span class='ocrx_word' id='word_1_102' title='bbox 655 1922 846 1996; x_wconf 84' lang='lat' dir='ltr'>sicut</span> <span class='ocrx_word' id='word_1_103' title='bbox 880 1918 1195 2020; x_wconf 78' lang='grc' dir='ltr'>ἀρτίπουν</span> <span class='ocrx_word' id='word_1_104' title='bbox 1236 1919 1287 1992; x_wconf 76' lang='grc' dir='ltr'><strong><em>Γ</em></strong></span> <span class='ocrx_word' id='word_1_105' title='bbox 1333 1922 1513 2006; x_wconf 83' lang='lat'><strong>130:</strong></span> <span class='ocrx_word' id='word_1_106' title='bbox 1576 1929 1829 1994; x_wconf 88' lang='lat' dir='ltr'>contra</span> <span class='ocrx_word' id='word_1_107' title='bbox 1862 1916 2286 2015; x_wconf 71' lang='grc' dir='ltr'><strong>Μελάμπους</strong></span> <span class='ocrx_word' id='word_1_108' title='bbox 2322 1917 2469 1993; x_wconf 87' lang='grc' dir='ltr'>Με-</span> 
     </span>
     <span class='ocr_line' id='line_1_14' title="bbox 203 2045 2470 2145; baseline 0 -26"><span class='ocrx_word' id='word_1_109' title='bbox 203 2050 537 2145; x_wconf 82' lang='grc' dir='ltr'><strong>λάμποδος</strong></span> <span class='ocrx_word' id='word_1_110' title='bbox 589 2045 1017 2144; x_wconf 80' lang='grc' dir='ltr'>Μελάμποδα</span> <span class='ocrx_word' id='word_1_111' title='bbox 1073 2046 1135 2121; x_wconf 89' lang='grc' dir='ltr'>Β</span> <span class='ocrx_word' id='word_1_112' title='bbox 1176 2051 1297 2122; x_wconf 84' lang='grc'>49.</span> <span class='ocrx_word' id='word_1_113' title='bbox 1359 2047 1421 2122; x_wconf 86' lang='grc' dir='ltr'><strong><em>Η</em></strong></span> <span class='ocrx_word' id='word_1_114' title='bbox 1463 2051 1635 2123; x_wconf 82' lang='grc'><strong>221.</strong></span> <span class='ocrx_word' id='word_1_115' title='bbox 1697 2046 1723 2122; x_wconf 86' lang='lat'>1</span> <span class='ocrx_word' id='word_1_116' title='bbox 1776 2051 1896 2122; x_wconf 85' lang='grc'>34.</span> <span class='ocrx_word' id='word_1_117' title='bbox 1990 2045 2226 2130; x_wconf 80' lang='grc' dir='ltr'><strong>Μίνως</strong></span> <span class='ocrx_word' id='word_1_118' title='bbox 2276 2046 2470 2126; x_wconf 82' lang='grc' dir='ltr'><strong>Μίνω</strong></span> 
     </span>
     <span class='ocr_line' id='line_1_15' title="bbox 201 2159 2473 2265; baseline 0.001 -15"><span class='ocrx_word' id='word_1_119' title='bbox 201 2183 262 2251; x_wconf 77' lang='lat' dir='ltr'>A</span> <span class='ocrx_word' id='word_1_120' title='bbox 307 2181 466 2252; x_wconf 83' lang='lat'><strong>171.</strong></span> <span class='ocrx_word' id='word_1_121' title='bbox 519 2180 692 2264; x_wconf 86' lang='lat'><strong>173,</strong></span> <span class='ocrx_word' id='word_1_122' title='bbox 745 2173 1022 2257; x_wconf 61' lang='grc' dir='ltr'><strong>Μίνωος</strong></span> <span class='ocrx_word' id='word_1_123' title='bbox 1071 2176 1125 2252; x_wconf 89' lang='grc' dir='ltr'><strong><em>Γ</em></strong></span> <span class='ocrx_word' id='word_1_124' title='bbox 1170 2179 1351 2252; x_wconf 82' lang='lat'>122:</span> <span class='ocrx_word' id='word_1_125' title='bbox 1414 2182 1543 2253; x_wconf 76' lang='lat' dir='ltr'>sed</span> <span class='ocrx_word' id='word_1_126' title='bbox 1591 2159 1983 2252; x_wconf 46' lang='lat' dir='ltr'>accusativi</span> <span class='ocrx_word' id='word_1_127' title='bbox 2025 2177 2330 2265; x_wconf 70' lang='lat' dir='ltr'>formas,</span> <span class='ocrx_word' id='word_1_128' title='bbox 2381 2181 2473 2251; x_wconf 70' lang='lat' dir='ltr'>ad</span> 
     </span>
     <span class='ocr_line' id='line_1_16' title="bbox 201 2303 2466 2403; baseline -0.001 -22"><span class='ocrx_word' id='word_1_129' title='bbox 201 2333 368 2403; x_wconf 78' lang='lat' dir='ltr'>quas</span> <span class='ocrx_word' id='word_1_130' title='bbox 404 2309 720 2381; x_wconf 73' lang='lat' dir='ltr'>varietas</span> <span class='ocrx_word' id='word_1_131' title='bbox 772 2308 1106 2381; x_wconf 87' lang='lat' dir='ltr'>codicum</span> <span class='ocrx_word' id='word_1_132' title='bbox 1151 2308 1379 2394; x_wconf 84' lang='lat' dir='ltr'>redit,</span> <span class='ocrx_word' id='word_1_133' title='bbox 1442 2309 1810 2382; x_wconf 81' lang='lat' dir='ltr'>inauditas</span> <span class='ocrx_word' id='word_1_134' title='bbox 1868 2304 1931 2378; x_wconf 83' lang='lat' dir='ltr'>H</span> <span class='ocrx_word' id='word_1_135' title='bbox 1979 2310 2121 2383; x_wconf 93' lang='grc'><strong>170</strong></span> <span class='ocrx_word' id='word_1_136' title='bbox 2173 2303 2466 2389; x_wconf 80' lang='grc' dir='ltr'><strong>Μίνεων,</strong></span> 
     </span>
     <span class='ocr_line' id='line_1_17' title="bbox 207 2432 2472 2533; baseline 0.001 -26"><span class='ocrx_word' id='word_1_137' title='bbox 207 2435 258 2507; x_wconf 92' lang='grc' dir='ltr'>Η</span> <span class='ocrx_word' id='word_1_138' title='bbox 293 2440 420 2511; x_wconf 91' lang='grc'>171</span> <span class='ocrx_word' id='word_1_139' title='bbox 457 2432 700 2510; x_wconf 71' lang='grc' dir='ltr'><strong>Μίναιυ</strong></span> <span class='ocrx_word' id='word_1_140' title='bbox 729 2461 815 2510; x_wconf 86' lang='lat' dir='ltr'>eo</span> <span class='ocrx_word' id='word_1_141' title='bbox 842 2437 1084 2512; x_wconf 76' lang='lat' dir='ltr'>minus</span> <span class='ocrx_word' id='word_1_142' title='bbox 1111 2437 1347 2510; x_wconf 82' lang='lat' dir='ltr'>ausim</span> <span class='ocrx_word' id='word_1_143' title='bbox 1375 2437 1768 2522; x_wconf 80' lang='lat' dir='ltr'>vindicare,</span> <span class='ocrx_word' id='word_1_144' title='bbox 1799 2439 1996 2533; x_wconf 90' lang='lat' dir='ltr'>quod</span> <span class='ocrx_word' id='word_1_145' title='bbox 2020 2436 2273 2531; x_wconf 86' lang='lat' dir='ltr'>paullo</span> <span class='ocrx_word' id='word_1_146' title='bbox 2300 2446 2472 2510; x_wconf 85' lang='lat' dir='ltr'>ante</span> 
     </span>
     <span class='ocr_line' id='line_1_18' title="bbox 203 2561 2475 2648; baseline 0 -8"><span class='ocrx_word' id='word_1_147' title='bbox 203 2568 273 2640; x_wconf 88' lang='lat' dir='ltr'>H</span> <span class='ocrx_word' id='word_1_148' title='bbox 316 2569 455 2642; x_wconf 86' lang='grc'><strong>169</strong></span> <span class='ocrx_word' id='word_1_149' title='bbox 507 2567 592 2640; x_wconf 92' lang='lat' dir='ltr'>in</span> <span class='ocrx_word' id='word_1_150' title='bbox 640 2567 1090 2641; x_wconf 86' lang='lat' dir='ltr'>nominativo</span> <span class='ocrx_word' id='word_1_151' title='bbox 1134 2561 1372 2648; x_wconf 82' lang='grc' dir='ltr'><strong>Μίνως</strong></span> <span class='ocrx_word' id='word_1_152' title='bbox 1417 2592 1569 2641; x_wconf 93' lang='lat' dir='ltr'>non</span> <span class='ocrx_word' id='word_1_153' title='bbox 1606 2569 2005 2642; x_wconf 77' lang='lat' dir='ltr'><strong>discessum</strong></span> <span class='ocrx_word' id='word_1_154' title='bbox 2054 2577 2166 2641; x_wconf 78' lang='lat' dir='ltr'>cst</span> <span class='ocrx_word' id='word_1_155' title='bbox 2199 2593 2246 2640; x_wconf 88' lang='lat' dir='ltr'>a</span> <span class='ocrx_word' id='word_1_156' title='bbox 2278 2593 2475 2641; x_wconf 89' lang='lat' dir='ltr'>com-</span> 
     </span>
     <span class='ocr_line' id='line_1_19' title="bbox 203 2695 2473 2793; baseline -0 -25"><span class='ocrx_word' id='word_1_157' title='bbox 203 2698 398 2769; x_wconf 85' lang='lat' dir='ltr'>muni</span> <span class='ocrx_word' id='word_1_158' title='bbox 434 2698 703 2792; x_wconf 85' lang='lat' dir='ltr'>capite.</span> <span class='ocrx_word' id='word_1_159' title='bbox 780 2698 1036 2770; x_wconf 82' lang='lat' dir='ltr'>eadem</span> <span class='ocrx_word' id='word_1_160' title='bbox 1070 2695 1200 2768; x_wconf 88' lang='lat' dir='ltr'>illa</span> <span class='ocrx_word' id='word_1_161' title='bbox 1234 2697 1671 2793; x_wconf 80' lang='lat' dir='ltr'>ambiguitas</span> <span class='ocrx_word' id='word_1_162' title='bbox 1706 2697 1789 2769; x_wconf 91' lang='lat' dir='ltr'>in</span> <span class='ocrx_word' id='word_1_163' title='bbox 1824 2698 2081 2771; x_wconf 87' lang='lat' dir='ltr'>eodem</span> <span class='ocrx_word' id='word_1_164' title='bbox 2118 2695 2473 2769; x_wconf 84' lang='lat' dir='ltr'>vocabulo</span> 
     </span>
     <span class='ocr_line' id='line_1_20' title="bbox 203 2824 2466 2924; baseline -0.001 -25"><span class='ocrx_word' id='word_1_165' title='bbox 203 2828 388 2924; x_wconf 73' lang='grc' dir='ltr'><strong>ἥρωα</strong></span> <span class='ocrx_word' id='word_1_166' title='bbox 419 2828 484 2898; x_wconf 93' lang='grc' dir='ltr'>Β</span> <span class='ocrx_word' id='word_1_167' title='bbox 521 2826 690 2900; x_wconf 84' lang='grc'><strong>143.</strong></span> <span class='ocrx_word' id='word_1_168' title='bbox 727 2824 778 2897; x_wconf 83' lang='grc' dir='ltr'><strong>Ζ</strong></span> <span class='ocrx_word' id='word_1_169' title='bbox 808 2825 932 2911; x_wconf 87' lang='grc'>69,</span> <span class='ocrx_word' id='word_1_170' title='bbox 967 2825 1156 2923; x_wconf 78' lang='grc' dir='ltr'><strong>ἤρων</strong></span> <span class='ocrx_word' id='word_1_171' title='bbox 1185 2827 1259 2897; x_wconf 89' lang='grc' dir='ltr'><strong>Α</strong></span> <span class='ocrx_word' id='word_1_172' title='bbox 1286 2827 1454 2913; x_wconf 89' lang='grc'><strong>167,</strong></span> <span class='ocrx_word' id='word_1_173' title='bbox 1484 2827 1566 2898; x_wconf 89' lang='lat' dir='ltr'>in</span> <span class='ocrx_word' id='word_1_174' title='bbox 1598 2824 1941 2899; x_wconf 77' lang='lat' dir='ltr'>affinibus</span> <span class='ocrx_word' id='word_1_175' title='bbox 1976 2825 2246 2924; x_wconf 88' lang='grc' dir='ltr'><strong>πάτρων</strong></span> <span class='ocrx_word' id='word_1_176' title='bbox 2274 2824 2328 2899; x_wconf 83' lang='grc' dir='ltr'>Δ</span> <span class='ocrx_word' id='word_1_177' title='bbox 2349 2828 2466 2899; x_wconf 92' lang='grc'>76.</span> 
     </span>
     <span class='ocr_line' id='line_1_21' title="bbox 205 2949 2468 3055; baseline 0.001 -31"><span class='ocrx_word' id='word_1_178' title='bbox 205 2951 224 3024; x_wconf 93' lang='grc' dir='ltr'>Ι</span> <span class='ocrx_word' id='word_1_179' title='bbox 259 2957 372 3041; x_wconf 90' lang='grc'>78,</span> <span class='ocrx_word' id='word_1_180' title='bbox 410 2958 703 3053; x_wconf 76' lang='grc' dir='ltr'><strong>μήτρωα</strong></span> <span class='ocrx_word' id='word_1_181' title='bbox 729 2950 922 3027; x_wconf 90' lang='grc' dir='ltr'><strong>Δ80.</strong></span> <span class='ocrx_word' id='word_1_182' title='bbox 997 2949 1249 3025; x_wconf 77' lang='grc' dir='ltr'>εἵλωτα</span> <span class='ocrx_word' id='word_1_183' title='bbox 1277 2950 1556 3035; x_wconf 77' lang='grc' dir='ltr'><strong>εἵλωτες</strong></span> <span class='ocrx_word' id='word_1_184' title='bbox 1580 2951 2243 3055; x_wconf 33' lang='lat' dir='ltr'>estmassqleguntm</span> <span class='ocrx_word' id='word_1_185' title='bbox 2272 2952 2325 3027; x_wconf 91' lang='lat' dir='ltr'>Z</span> <span class='ocrx_word' id='word_1_186' title='bbox 2346 2955 2468 3027; x_wconf 92' lang='grc'><strong>81.</strong></span> 
     </span>
     <span class='ocr_line' id='line_1_22' title="bbox 207 3079 2475 3179; baseline 0 -25"><span class='ocrx_word' id='word_1_187' title='bbox 207 3080 262 3153; x_wconf 89' lang='lat' dir='ltr'>H</span> <span class='ocrx_word' id='word_1_188' title='bbox 299 3086 467 3155; x_wconf 84' lang='lat'><strong>229.</strong></span> <span class='ocrx_word' id='word_1_189' title='bbox 526 3082 580 3154; x_wconf 79' lang='grc' dir='ltr'>θ</span> <span class='ocrx_word' id='word_1_190' title='bbox 621 3085 742 3156; x_wconf 82' lang='grc'>25.</span> <span class='ocrx_word' id='word_1_191' title='bbox 790 3079 818 3152; x_wconf 98' lang='grc' dir='ltr'>Ι</span> <span class='ocrx_word' id='word_1_192' title='bbox 858 3084 981 3156; x_wconf 88' lang='grc'>80.</span> <span class='ocrx_word' id='word_1_193' title='bbox 1024 3084 1466 3178; x_wconf 72' lang='grc' dir='ltr'><strong>85,,1118(]ιιε</strong></span> <span class='ocrx_word' id='word_1_194' title='bbox 1504 3092 1988 3179; x_wconf 77' lang='lat' dir='ltr'>congruenter</span> <span class='ocrx_word' id='word_1_195' title='bbox 2023 3083 2321 3156; x_wconf 77' lang='grc' dir='ltr'><strong>εἰλώτων</strong></span> <span class='ocrx_word' id='word_1_196' title='bbox 2362 3093 2475 3157; x_wconf 86' lang='lat' dir='ltr'>ter</span> 
     </span>
     <span class='ocr_line' id='line_1_23' title="bbox 207 3208 2475 3311; baseline 0.002 -30"><span class='ocrx_word' id='word_1_197' title='bbox 207 3208 226 3281; x_wconf 93' lang='grc' dir='ltr'>Ι</span> <span class='ocrx_word' id='word_1_198' title='bbox 261 3214 367 3284; x_wconf 93' lang='grc'><strong>10.</strong></span> <span class='ocrx_word' id='word_1_199' title='bbox 389 3214 512 3284; x_wconf 88' lang='grc'>28.</span> <span class='ocrx_word' id='word_1_200' title='bbox 537 3214 663 3297; x_wconf 88' lang='grc'>80,</span> <span class='ocrx_word' id='word_1_201' title='bbox 691 3220 943 3284; x_wconf 79' lang='lat' dir='ltr'>contra</span> <span class='ocrx_word' id='word_1_202' title='bbox 969 3210 1302 3283; x_wconf 70' lang='grc' dir='ltr'><strong>εἱλωτέων</strong></span> <span class='ocrx_word' id='word_1_203' title='bbox 1333 3222 1687 3307; x_wconf 82' lang='lat' dir='ltr'>tanquam</span> <span class='ocrx_word' id='word_1_204' title='bbox 1715 3216 1811 3285; x_wconf 90' lang='lat' dir='ltr'>ab</span> <span class='ocrx_word' id='word_1_205' title='bbox 1842 3211 2130 3311; x_wconf 77' lang='grc' dir='ltr'><strong>εἰλώτης</strong></span> <span class='ocrx_word' id='word_1_206' title='bbox 2155 3213 2337 3287; x_wconf 75' lang='lat' dir='ltr'>item&#39;</span> <span class='ocrx_word' id='word_1_207' title='bbox 2362 3221 2475 3286; x_wconf 89' lang='lat' dir='ltr'>ter</span> 
     </span>
     <span class='ocr_line' id='line_1_24' title="bbox 208 3338 2472 3439; baseline 0.001 -29"><span class='ocrx_word' id='word_1_208' title='bbox 208 3338 254 3410; x_wconf 77' lang='lat' dir='ltr'><strong>Z</strong></span> <span class='ocrx_word' id='word_1_209' title='bbox 291 3343 404 3413; x_wconf 85' lang='lat'>58.</span> <span class='ocrx_word' id='word_1_210' title='bbox 449 3344 571 3413; x_wconf 85' lang='lat'>75.</span> <span class='ocrx_word' id='word_1_211' title='bbox 616 3342 738 3413; x_wconf 86' lang='lat'>80.</span> <span class='ocrx_word' id='word_1_212' title='bbox 829 3339 1007 3439; x_wconf 83' lang='grc' dir='ltr'><strong>ὄρνις</strong></span> <span class='ocrx_word' id='word_1_213' title='bbox 1041 3349 1117 3413; x_wconf 85' lang='lat' dir='ltr'>et</span> <span class='ocrx_word' id='word_1_214' title='bbox 1150 3339 1327 3437; x_wconf 80' lang='grc' dir='ltr'><strong>ὄρνιν</strong></span> <span class='ocrx_word' id='word_1_215' title='bbox 1374 3338 1553 3419; x_wconf 79' lang='lat' dir='ltr'>facit</span> <span class='ocrx_word' id='word_1_216' title='bbox 1588 3342 1648 3413; x_wconf 91' lang='lat' dir='ltr'>B</span> <span class='ocrx_word' id='word_1_217' title='bbox 1691 3342 1785 3414; x_wconf 87' lang='grc'>73</span> <span class='ocrx_word' id='word_1_218' title='bbox 1822 3352 1899 3415; x_wconf 85' lang='lat' dir='ltr'>et</span> <span class='ocrx_word' id='word_1_219' title='bbox 1935 3341 2169 3439; x_wconf 80' lang='grc' dir='ltr'><strong>ὄρνιθα</strong></span> <span class='ocrx_word' id='word_1_220' title='bbox 2204 3340 2258 3411; x_wconf 94' lang='grc' dir='ltr'>Δ</span> <span class='ocrx_word' id='word_1_221' title='bbox 2307 3342 2472 3428; x_wconf 91' lang='grc'>131,</span> 
     </span>
     <span class='ocr_line' id='line_1_25' title="bbox 207 3467 2474 3565; baseline 0.002 -27"><span class='ocrx_word' id='word_1_222' title='bbox 207 3492 360 3541; x_wconf 84' lang='lat' dir='ltr'>cum</span> <span class='ocrx_word' id='word_1_223' title='bbox 383 3496 518 3564; x_wconf 85' lang='lat' dir='ltr'>per</span> <span class='ocrx_word' id='word_1_224' title='bbox 537 3467 862 3564; x_wconf 82' lang='lat' dir='ltr'>reliquos</span> <span class='ocrx_word' id='word_1_225' title='bbox 889 3493 1098 3541; x_wconf 74' lang='lat' dir='ltr'>casus</span> <span class='ocrx_word' id='word_1_226' title='bbox 1124 3492 1376 3541; x_wconf 81' lang='lat' dir='ltr'>omnes</span> <span class='ocrx_word' id='word_1_227' title='bbox 1406 3482 1728 3565; x_wconf 73' lang='lat' dir='ltr'>assumat</span> <span class='ocrx_word' id='word_1_228' title='bbox 1750 3494 2162 3545; x_wconf 75' lang='lat' dir='ltr'>consonam.</span> <span class='ocrx_word' id='word_1_229' title='bbox 2226 3494 2474 3543; x_wconf 80' lang='lat' dir='ltr'>rursus</span> 
     </span>
     <span class='ocr_line' id='line_1_26' title="bbox 207 3597 2473 3697; baseline -0 -25"><span class='ocrx_word' id='word_1_230' title='bbox 207 3598 390 3695; x_wconf 84' lang='grc' dir='ltr'><strong>χάρις</strong></span> <span class='ocrx_word' id='word_1_231' title='bbox 423 3600 718 3693; x_wconf 78' lang='lat' dir='ltr'>saepius</span> <span class='ocrx_word' id='word_1_232' title='bbox 751 3597 969 3697; x_wconf 81' lang='grc' dir='ltr'>χάριν,</span> <span class='ocrx_word' id='word_1_233' title='bbox 1031 3599 1455 3692; x_wconf 82' lang='lat' dir='ltr'>praesertim</span> <span class='ocrx_word' id='word_1_234' title='bbox 1499 3599 1581 3671; x_wconf 88' lang='lat' dir='ltr'>in</span> <span class='ocrx_word' id='word_1_235' title='bbox 1622 3598 1953 3672; x_wconf 82' lang='lat' dir='ltr'>formulis</span> <span class='ocrx_word' id='word_1_236' title='bbox 1995 3599 2197 3697; x_wconf 82' lang='grc' dir='ltr'><strong>χάριν</strong></span> <span class='ocrx_word' id='word_1_237' title='bbox 2230 3598 2473 3672; x_wconf 74' lang='grc' dir='ltr'><strong>εἰδέναι</strong></span> 
     </span>
     <span class='ocr_line' id='line_1_27' title="bbox 209 3723 2475 3826; baseline 0.002 -30"><span class='ocrx_word' id='word_1_238' title='bbox 209 3728 403 3799; x_wconf 79' lang='lat' dir='ltr'><strong>A71.</strong></span> <span class='ocrx_word' id='word_1_239' title='bbox 434 3726 486 3800; x_wconf 86' lang='grc' dir='ltr'>Γ</span> <span class='ocrx_word' id='word_1_240' title='bbox 507 3723 1497 3826; x_wconf 80' lang='grc' dir='ltr'><strong>21.125.Δ136.179,χάριν</strong></span> <span class='ocrx_word' id='word_1_241' title='bbox 1527 3727 1708 3825; x_wconf 82' lang='grc' dir='ltr'><strong>ἔχειν</strong></span> <span class='ocrx_word' id='word_1_242' title='bbox 1736 3726 1793 3799; x_wconf 91' lang='lat' dir='ltr'>H</span> <span class='ocrx_word' id='word_1_243' title='bbox 1824 3729 1991 3813; x_wconf 93' lang='grc'><strong>120,</strong></span> <span class='ocrx_word' id='word_1_244' title='bbox 2009 3736 2085 3800; x_wconf 89' lang='lat' dir='ltr'>et</span> <span class='ocrx_word' id='word_1_245' title='bbox 2107 3728 2237 3799; x_wconf 92' lang='lat' dir='ltr'>ubi</span> <span class='ocrx_word' id='word_1_246' title='bbox 2262 3753 2475 3822; x_wconf 88' lang='lat' dir='ltr'>prae-</span> 
     </span>
     <span class='ocr_line' id='line_1_28' title="bbox 207 3844 2471 3955; baseline -0 -26"><span class='ocrx_word' id='word_1_247' title='bbox 207 3855 568 3948; x_wconf 80' lang='lat' dir='ltr'>positionis</span> <span class='ocrx_word' id='word_1_248' title='bbox 607 3856 766 3930; x_wconf 86' lang='lat' dir='ltr'>vice</span> <span class='ocrx_word' id='word_1_249' title='bbox 800 3853 1134 3952; x_wconf 77' lang='lat' dir='ltr'>fungitur</span> <span class='ocrx_word' id='word_1_250' title='bbox 1169 3851 1228 3926; x_wconf 89' lang='lat' dir='ltr'>E</span> <span class='ocrx_word' id='word_1_251' title='bbox 1268 3857 1365 3928; x_wconf 79' lang='lat'>99</span> <span class='ocrx_word' id='word_1_252' title='bbox 1406 3858 1530 3955; x_wconf 76' lang='grc' dir='ltr'>τὴν</span> <span class='ocrx_word' id='word_1_253' title='bbox 1561 3844 1957 3955; x_wconf 73' lang='grc' dir='ltr'><strong>Ἀθηναίων</strong></span> <span class='ocrx_word' id='word_1_254' title='bbox 1995 3856 2193 3954; x_wconf 87' lang='grc' dir='ltr'><strong>χάριν</strong></span> <span class='ocrx_word' id='word_1_255' title='bbox 2224 3885 2237 3927; x_wconf 84' lang='grc'>;</span> <span class='ocrx_word' id='word_1_256' title='bbox 2296 3857 2471 3930; x_wconf 90' lang='lat' dir='ltr'>item</span> 
     </span>
     <span class='ocr_line' id='line_1_29' title="bbox 211 3979 2473 4084; baseline 0.003 -33"><span class='ocrx_word' id='word_1_257' title='bbox 211 3979 266 4052; x_wconf 85' lang='grc' dir='ltr'>Η</span> <span class='ocrx_word' id='word_1_258' title='bbox 310 3985 444 4057; x_wconf 89' lang='grc'>178</span> <span class='ocrx_word' id='word_1_259' title='bbox 480 3985 680 4083; x_wconf 85' lang='grc' dir='ltr'><strong>χάριν</strong></span> <span class='ocrx_word' id='word_1_260' title='bbox 721 3983 1096 4069; x_wconf 80' lang='grc' dir='ltr'><strong>κατέθεντο,</strong></span> <span class='ocrx_word' id='word_1_261' title='bbox 1156 3981 1184 4054; x_wconf 93' lang='grc' dir='ltr'>Ι</span> <span class='ocrx_word' id='word_1_262' title='bbox 1224 3987 1320 4058; x_wconf 93' lang='grc'>60</span> <span class='ocrx_word' id='word_1_263' title='bbox 1355 3985 1554 4084; x_wconf 88' lang='grc' dir='ltr'><strong>χάριν</strong></span> <span class='ocrx_word' id='word_1_264' title='bbox 1589 3983 1819 4067; x_wconf 76' lang='grc' dir='ltr'>θέσθε,</span> <span class='ocrx_word' id='word_1_265' title='bbox 1881 3993 1958 4057; x_wconf 87' lang='lat' dir='ltr'>at</span> <span class='ocrx_word' id='word_1_266' title='bbox 1993 3983 2046 4057; x_wconf 94' lang='lat' dir='ltr'><strong>Z</strong></span> <span class='ocrx_word' id='word_1_267' title='bbox 2086 3986 2174 4057; x_wconf 90' lang='lat'>41</span> <span class='ocrx_word' id='word_1_268' title='bbox 2230 3983 2473 4084; x_wconf 86' lang='grc' dir='ltr'><strong>χάριτα</strong></span> 
     </span>
     <span class='ocr_line' id='line_1_30' title="bbox 213 4109 2475 4211; baseline 0.002 -31"><span class='ocrx_word' id='word_1_269' title='bbox 213 4112 720 4211; x_wconf 76' lang='grc' dir='ltr'>καταθήσεσθαι,</span> <span class='ocrx_word' id='word_1_270' title='bbox 762 4109 790 4182; x_wconf 93' lang='grc' dir='ltr'>Ι</span> <span class='ocrx_word' id='word_1_271' title='bbox 829 4114 969 4186; x_wconf 93' lang='grc'>107</span> <span class='ocrx_word' id='word_1_272' title='bbox 997 4110 1240 4211; x_wconf 86' lang='grc' dir='ltr'><strong>χάριτα</strong></span> <span class='ocrx_word' id='word_1_273' title='bbox 1275 4112 1648 4208; x_wconf 75' lang='grc' dir='ltr'><strong>τιθέμενος.</strong></span> <span class='ocrx_word' id='word_1_274' title='bbox 1717 4138 1949 4209; x_wconf 88' lang='lat' dir='ltr'>eaque</span> <span class='ocrx_word' id='word_1_275' title='bbox 1984 4113 2475 4187; x_wconf 80' lang='lat' dir='ltr'>inconstantia</span> 
     </span>
     <span class='ocr_line' id='line_1_31' title="bbox 215 4239 2471 4342; baseline 0.002 -29"><span class='ocrx_word' id='word_1_276' title='bbox 215 4243 618 4315; x_wconf 74' lang='lat' dir='ltr'>transfluxit</span> <span class='ocrx_word' id='word_1_277' title='bbox 665 4244 760 4314; x_wconf 90' lang='lat' dir='ltr'>ad</span> <span class='ocrx_word' id='word_1_278' title='bbox 810 4243 1254 4315; x_wconf 74' lang='lat' dir='ltr'>adjectivum</span> <span class='ocrx_word' id='word_1_279' title='bbox 1301 4240 1583 4342; x_wconf 76' lang='grc' dir='ltr'><strong>άχαριςε</strong></span> <span class='ocrx_word' id='word_1_280' title='bbox 1638 4244 1960 4341; x_wconf 80' lang='grc' dir='ltr'><strong>συμφορῇ</strong></span> <span class='ocrx_word' id='word_1_281' title='bbox 1996 4239 2206 4341; x_wconf 86' lang='grc' dir='ltr'><strong>α’χάρι</strong></span> <span class='ocrx_word' id='word_1_282' title='bbox 2233 4246 2307 4316; x_wconf 90' lang='grc' dir='ltr'><strong>Α</strong></span> <span class='ocrx_word' id='word_1_283' title='bbox 2347 4245 2471 4330; x_wconf 86' lang='grc'><strong>41,</strong></span> 
     </span>
     <span class='ocr_line' id='line_1_32' title="bbox 216 4363 2476 4470; baseline 0.004 -33"><span class='ocrx_word' id='word_1_284' title='bbox 216 4363 487 4467; x_wconf 83' lang='grc' dir='ltr'><strong>ἀχάριτα</strong></span> <span class='ocrx_word' id='word_1_285' title='bbox 525 4370 902 4470; x_wconf 77' lang='grc' dir='ltr'><strong>μαθήματα</strong></span> <span class='ocrx_word' id='word_1_286' title='bbox 933 4373 1008 4443; x_wconf 89' lang='grc' dir='ltr'><strong>Α</strong></span> <span class='ocrx_word' id='word_1_287' title='bbox 1047 4372 1224 4458; x_wconf 87' lang='grc'><strong>207,</strong></span> <span class='ocrx_word' id='word_1_288' title='bbox 1268 4367 1768 4470; x_wconf 76' lang='grc' dir='ltr'><strong>ἀχαριτώτατον</strong></span> <span class='ocrx_word' id='word_1_289' title='bbox 1808 4369 1869 4442; x_wconf 88' lang='lat' dir='ltr'>H</span> <span class='ocrx_word' id='word_1_290' title='bbox 1918 4374 2083 4445; x_wconf 84' lang='lat'>156.</span> <span class='ocrx_word' id='word_1_291' title='bbox 2175 4373 2476 4445; x_wconf 81' lang='lat' dir='ltr'>nomina</span> 
     </span>
     <span class='ocr_line' id='line_1_33' title="bbox 217 4499 2474 4595; baseline 0.004 -28"><span class='ocrx_word' id='word_1_292' title='bbox 217 4499 566 4595; x_wconf 81' lang='lat' dir='ltr'>Aegyptia</span> <span class='ocrx_word' id='word_1_293' title='bbox 611 4500 694 4572; x_wconf 92' lang='lat' dir='ltr'>in</span> <span class='ocrx_word' id='word_1_294' title='bbox 743 4501 841 4581; x_wconf 72' lang='grc' dir='ltr'>ὧῖ</span> <span class='ocrx_word' id='word_1_295' title='bbox 885 4508 1091 4595; x_wconf 83' lang='lat' dir='ltr'>patet</span> <span class='ocrx_word' id='word_1_296' title='bbox 1136 4500 1283 4572; x_wconf 82' lang='lat' dir='ltr'>iam</span> <span class='ocrx_word' id='word_1_297' title='bbox 1332 4509 1597 4573; x_wconf 85' lang='lat' dir='ltr'>cuncta</span> <span class='ocrx_word' id='word_1_298' title='bbox 1645 4508 1720 4575; x_wconf 89' lang='lat' dir='ltr'>et</span> <span class='ocrx_word' id='word_1_299' title='bbox 1764 4500 2322 4576; x_wconf 82' lang='lat' dir='ltr'>declinationem</span> <span class='ocrx_word' id='word_1_300' title='bbox 2362 4526 2474 4576; x_wconf 84' lang='lat' dir='ltr'>se-</span> 
     </span>
    </p>
   </div>
  </div>
 </body>
</html>
