3059 5125
1193 351 1486 407 Praefatio.
2295 372 2485 418 xxxv

203 551 470 623 genere
508 554 594 601 ac
625 529 832 602 vitiis
865 553 1117 603 eorum
1153 528 1543 617 simillimi,
1589 529 1843 625 quales
1879 537 1956 602 et
1988 553 2031 600 v
2065 526 2486 624 multosque

204 665 582 751 praeterea
642 667 719 731 et
769 683 998 731 unum
1065 684 1162 731 ex
1214 659 1729 733 Ambrosianis
1781 657 1873 755 (v.
1924 683 2150 753 supra
2193 683 2266 754 p.
2306 657 2484 754 XV)

204 787 709 882 cognovimus.
825 797 903 861 et
949 812 1028 885 q,
1082 813 1178 861 ex
1233 788 1312 861 P
1354 787 1764 862 derivatum
1828 812 1979 861 non
2028 786 2265 861 multa
2318 811 2485 860 cum

203 916 342 989 fide
381 941 469 989 ac
505 941 702 1000 cura,
759 916 1142 1012 aliquanto
1176 917 1402 990 etiam
1436 919 1731 1012 saepius
1774 918 2487 1012 deprehenderemus

203 1042 485 1119 fontem
522 1070 688 1120 esse
722 1045 1061 1120 lectionis
1097 1046 1447 1134 Aldinae,
1500 1048 1567 1121 si
1603 1046 2034 1143 diligentius
2071 1072 2156 1119 ac
2190 1045 2487 1141 plenius

203 1175 648 1249 haberemus
685 1177 1158 1271 exscriptum.
1228 1174 1783 1249 Sancroftianus
1818 1184 2066 1249 autem
2101 1174 2256 1249 sive
2292 1175 2491 1247 Can-

205 1305 703 1400 tabrigiensis,
755 1330 975 1400 quem
1015 1329 1057 1377 s
1089 1329 1459 1393 vocamus,
1509 1314 1622 1378 tot
1671 1304 1852 1377 'olim
1904 1303 2490 1379 doctissimorum

203 1433 596 1506 hominum
631 1432 981 1506 laudibus
1018 1433 1455 1508 nobilitatus
1491 1443 1713 1530 atque
1750 1459 1796 1506 a
1823 1432 2243 1507 Gaisfordio
2279 1434 2491 1528 peni-

205 1573 320 1633 tus
368 1587 757 1650 excussus,
811 1572 1100 1658 praeter
1148 1588 1310 1636 eam
1357 1588 1547 1658 quae
1597 1564 1677 1636 in
1714 1564 1789 1636 R
1838 1571 2046 1636 extat
2086 1563 2490 1657 interpola-

208 1693 484 1765 tionem
505 1745 527 1779 ‚
579 1691 984 1787 dupliciter
1035 1701 1400 1765 correctus
1451 1701 1583 1765 est.
1666 1716 1841 1764 nam
1891 1701 1967 1766 et
2014 1691 2254 1764 multa
2302 1716 2491 1787 quae

207 1821 284 1892 in
333 1822 408 1892 R
460 1822 821 1894 mendosa
866 1819 1220 1917 leguntur
1280 1846 1366 1894 ac
1427 1831 1727 1916 stupore
1788 1820 2076 1894 librarii
2126 1831 2491 1917 corrupta,

207 1949 333 2022 ille
367 1952 768 2024 emendata
792 1951 1104 2024 exhibet
1137 1952 1263 2023 sed
1299 1948 1585 2024 infelici
1620 1949 1773 2024 fere
1808 1976 1893 2023 ac
1925 1949 2240 2024 ridiculo
2275 1975 2495 2024 cona-

209 2089 310 2165 tu,
349 2087 434 2152 ut
469 2105 572 2152 ex
612 2080 687 2150 R
721 2080 1026 2153 fluxisse
1061 2080 1263 2153 hunc
1297 2081 1733 2167 conicerem‚
1783 2080 1930 2152 nisi
1967 2088 2211 2152 essent
2245 2087 2493 2154 tamen

209 2232 391 2302 quae
427 2233 528 2280 ex
581 2206 964 2280 simillimo
1016 2210 1265 2303 potius
1317 2232 1540 2303 quam
1575 2208 1710 2282 illo
1747 2209 1910 2304 ipso
1943 2208 2290 2304 exemplo
2323 2234 2497 2304 pro-

211 2338 494 2409 venisse
549 2338 985 2410 suaderent:
1039 2346 1116 2411 et
1165 2337 1340 2411 vero
1386 2361 1555 2410 cum
1608 2359 1846 2433 pauca
1898 2339 2258 2433 quaedam
2313 2339 2493 2412 scite

213 2466 535 2548 inventa,
576 2475 667 2538 ut
699 2466 765 2537 B
812 2467 951 2540 170
992 2464 1331 2563 ἐχόμεναι,
1387 2464 1442 2538 Δ
1489 2468 1622 2541 121
1667 2467 1909 2550 πάσας,
1954 2464 1980 2538 l
2027 2467 2169 2540 122
2208 2468 2311 2551 σύ,
2362 2477 2494 2541 aut

211 2598 432 2668 etiam
470 2595 804 2691 expleta,
833 2606 920 2670 ut
954 2595 1091 2669 illa
1116 2596 1181 2667 B
1209 2597 1350 2668 175
1387 2598 1466 2668 τὸ
1502 2594 1579 2668 δὲ
1615 2596 1811 2695 εὖρος
1845 2596 2149 2669 δυώδεκα
2182 2597 2487 2695 πηχέων,

212 2734 362 2796 tum
413 2725 644 2821 longe
694 2725 915 2820 plura
961 2725 1324 2821 flagitiose
1374 2728 1791 2820 depravata.
1878 2749 2025 2820 quo
2074 2750 2171 2799 ex
2225 2750 2491 2821 genere

216 2877 440 2926 imum
495 2844 882 2952 Ἀστυάγει»
944 2855 1234 2927 assidue
1307 2879 1445 2928 nec
1511 2864 1762 2928 tamen
1821 2854 2103 2949 ubique
2163 2855 2338 2928 inde
2400 2857 2495 2927 ab

216 2977 268 3051 Α
308 2983 406 3055 46
458 3007 597 3077 pro
639 2971 1040 3080 Ἀστυάγεος
1106 2985 1482 3058 invectum
1534 3006 2020 3058 commemoro
2039 3036 2059 3072 ‚
2110 2991 2497 3078 propterea

214 3113 404 3204 quod
454 3113 634 3185 inde
688 3137 734 3183 a
782 3110 1172 3185 Schaefero
1221 3113 1418 3186 idem
1475 3111 1669 3186 illud
1716 3113 2121 3186 editoribus
2172 3112 2491 3207 placuit:

216 3265 306 3311 ex
357 3242 882 3314 additamentis
932 3252 1180 3314 autem
1227 3239 1280 3313 Z
1324 3242 1468 3314 119
1520 3239 1879 3338 συνάγουσι
1925 3240 1995 3314 ἐν
2048 3237 2339 3339 ἀγγείοις
2387 3242 2485 3324 τό,

220 3371 408 3462 quod
461 3394 721 3443 omnes
764 3390 998 3466 usque
1037 3373 1128 3442 ab
1161 3369 1442 3443 Aldina
1489 3370 1761 3444 insedit
1811 3370 2192 3444 editiones,
2273 3378 2496 3465 atque

221 3501 466 3572 eadem
524 3523 788 3573 manus
837 3508 1253 3574 mutaverat
1301 3498 1558 3594 aliqua
1604 3501 1698 3572 ad
1741 3499 1807 3572 Ο
1837 3499 2107 3572 codicis
2146 3498 2498 3572 similitu-

222 3628 488 3715 dinem,
517 3629 880 3724 posterior
908 3631 1268 3724 quaedam
1304 3629 1384 3702 in
1414 3629 1580 3724 ipso
1606 3654 1645 3701 s
1678 3636 1873 3702 recte
1909 3637 1985 3702 et
2021 3627 2499 3702 laudabiliter

225 3758 532 3831 correxit
566 3780 908 3832 numeros
943 3759 1027 3831 in
1060 3758 1321 3832 ceteris
1357 3759 1703 3831 omnibus
1738 3755 1963 3830 falsos
2014 3754 2069 3829 Γ
2108 3759 2228 3831 95.
2278 3755 2333 3829 Δ
2371 3759 2492 3831 85.

419 3889 682 3960 Trium
743 3888 974 3982 igitur
1034 3910 1222 3986 quae
1284 3887 1446 3960 dixi
1524 3885 2037 3982 exemplorum
2099 3886 2497 3960 instructus

227 4018 587 4107 praesidio
669 4038 840 4089 cum
926 4016 1170 4089 Aldus
1238 4016 1628 4090 Manutius
1715 4019 1964 4091 ederet
2037 4016 2498 4089 Herodotum

231 4146 550 4218 omnium
586 4147 867 4241 primus
894 4133 910 4160 ‘
929 4145 1267 4220 Venetiis
1303 4145 1384 4217 in
1422 4147 1638 4218 domo
1664 4144 1846 4251 Aldi
1886 4169 2138 4218 mense
2165 4145 2499 4240 Septem—

232 4272 358 4344 bri.
407 4262 738 4363 M.D11',
773 4282 1023 4348 utrum
1059 4276 1310 4368 potius
1345 4298 1482 4370 pro
1510 4272 1992 4349 fundamento
2037 4275 2408 4361 habuerit,
2459 4278 2497 4350 b

234 4423 320 4471 an
367 4426 434 4497 q,
480 4403 588 4474 ita
621 4410 708 4476 ut
741 4404 900 4477 eius
951 4402 1375 4500 exemplum
1430 4407 1743 4477 duorum
1779 4402 2236 4500 reliquorum
2285 4404 2496 4477 adiu-
2576 4488 2588 4501 ·

235 4540 472 4603 mento
504 4535 948 4620 emendaret,
986 4531 1291 4607 difficile
1328 4542 1440 4607 est
1474 4542 1828 4607 statuere:
1892 4558 2068 4606 nam
2119 4536 2209 4607 de
2255 4559 2297 4605 s
2344 4557 2494 4605 non
