3059 5125
621 343 738 405 124
1557 339 1964 402 -A-

611 520 740 609 μοῦ
778 514 1129 615 ἁδρύνεταί
1166 537 1238 585 τε
1275 515 1350 584 τὸ
1387 512 1579 611 λήιον
1617 514 1729 585 καὶ
1772 515 2205 612 παραγίνεται
2256 512 2293 582 ό
2340 513 2541 592 σῖτος,
2598 509 2676 581 οὐ
2719 505 2856 579 κατά

605 660 734 735 περ
792 635 864 707 ἐν
920 630 1240 732 Αἰγύπτῳ
1292 631 1502 705 αὐτοῦ
1557 637 1677 704 τοῦ
1738 637 2048 726 ποταμοῦ
2103 627 2583 732 ἀναβαίνοντος
2636 627 2707 709 ἐς
2758 625 2856 707 τὰς

609 752 920 855 ἀρούρας,
978 750 1158 828 ἀλλὰ
1203 758 1398 853 χερσί
1446 779 1518 825 τε
1571 755 1681 827 καὶ
1716 752 2161 853 κηλωνηίοισι
2198 749 2586 852 ἀρδόμενος.
2671 750 2717 847 ἡ
2753 745 2858 845 γὰρ

607 871 1025 976 Βαβυλωνίη
1070 878 1267 974 χώρη
1307 876 1514 959 πᾶσα,
1550 874 1718 947 κατά
1752 897 1880 973 περ
1915 873 1963 972 ἡ
2001 867 2354 969 Αἰγυπτίη,
2395 868 2861 968 κατατέτμηται

607 996 681 1077 ἐς
717 994 1094 1094 διώρυχας·
1152 994 1267 1066 καὶ
1299 993 1346 1092 ἠ
1386 998 1668 1094 μεγίστη
1710 1000 1845 1066 τῶν
1897 992 2251 1091 διωρύχων
2290 990 2432 1065 ἐστὶ
2466 989 2859 1090 νηυσιπέρη·
2908 1003 2929 1051 ⁵

605 1140 753 1199 τος,
818 1116 987 1214 πρὸς
1040 1112 1233 1213 ἥλιον
1283 1113 1712 1213 τετραμμένη
1767 1115 1877 1185 τὸν
1937 1114 2315 1211 χειμερινόν
2337 1170 2353 1194 ,
2415 1108 2642 1208 ἐσέχει
2694 1105 2764 1180 δὲ
2804 1105 2862 1186 ἐς

607 1233 811 1308 ἄλλον
867 1235 1170 1327 ποταμὸν
1223 1231 1298 1305 ἐκ
1344 1239 1463 1310 τοῦ
1512 1230 1927 1333 Εὐφρήτεω,
1986 1232 2057 1314 ἐς
2104 1235 2217 1304 τὸν
2255 1225 2539 1331 Τίγρην,
2591 1221 2755 1329 παρ’
2802 1227 2862 1297 ὃν

607 1350 811 1434 Νίνος
857 1353 1054 1435 πόλις
1108 1356 1364 1453 οἴκητο.
1469 1352 1614 1427 ἔστι
1664 1350 1740 1425 δὲ
1784 1352 2069 1452 χωρέων
2122 1350 2293 1450 αὕτη
2343 1349 2620 1424 πασέων
2656 1350 2873 1447 μακρῷ

606 1469 848 1573 ἀρίστη
887 1478 1023 1545 τῶν
1058 1473 1257 1572 ἡμεῖς
1291 1472 1483 1568 ἴδμεν
1522 1470 1888 1573 Δήμητρος
1942 1475 2198 1572 καρπὸν
2250 1471 2554 1571 ἐκφέρειν
2578 1493 2593 1507 ·
2646 1467 2731 1542 τὰ
2760 1466 2865 1567 γὰρ

606 1594 694 1693 δὴ
732 1590 909 1665 ἄλλα
947 1590 1227 1693 δένδρεα
1274 1591 1436 1668 οὐδὲ
1481 1596 1792 1693 πειρᾶται
1836 1590 2057 1693 ἀρχὴν
2107 1590 2366 1692 φέρέιν,
2430 1589 2588 1664 οὔτε
2640 1587 2863 1688 συκέην
2894 1609 2935 1657 ¹⁸

606 1711 763 1787 οὔτε
814 1710 1120 1808 ἄμπελον
1172 1712 1327 1786 οὔτε
1375 1711 1640 1813 ἐλαίην.
1731 1715 1843 1786 τὸν
1900 1710 1975 1786 δὲ
2030 1721 2159 1815 τῆς
2209 1710 2585 1812 Δήμητρος
2639 1711 2866 1810 καρπὸν

604 1834 742 1907 ὧδε
780 1829 1006 1932 ἀγαθὴ
1044 1830 1345 1932 ἐκφέρειν
1383 1832 1524 1907 ἐστὶ
1561 1834 1739 1908 ὥστε
1773 1831 1883 1906 ἐπὶ
1935 1831 2249 1932 διηκόσια
2294 1832 2418 1928 μὲν
2455 1834 2535 1905 τὸ
2567 1831 2868 1933 παράπαν

603 1950 933 2037 ἀποδιδοῖ,
989 1950 1259 2026 ἐπειδὰν
1311 1951 1388 2025 δὲ
1435 1951 1675 2052 ἄριστα
1712 1954 1884 2053 αὐτὴ
1922 1953 2185 2054 ἑωυτῆς
2218 1952 2467 2052 ἐνείκῃ,
2528 1950 2643 2028 ἐπὶ
2694 1975 2869 2050 τριη-

603 2077 792 2148 κόσια
830 2071 1116 2173 ἐκφέρει.
1209 2073 1294 2146 τὰ
1348 2071 1424 2147 δὲ
1476 2072 1703 2173 φύλλα
1759 2073 1996 2147 αὐτόθι
2044 2080 2179 2146 τῶν
2225 2098 2298 2154 τε
2338 2079 2574 2173 πυρῶν
2615 2074 2873 2144 καὶτῶν

604 2192 888 2293 κριθέων
924 2196 1001 2266 τὸ
1036 2193 1286 2275 πλάτος
1321 2198 1571 2293 γίνεται
1605 2195 1944 2296 τεσσέρων
1982 2193 2319 2275 εὐπετέως
2356 2191 2727 2266 δακτύλων.
2810 2188 2875 2262 ἐκ
2902 2208 2943 2259 1⁵

601 2312 677 2386 δὲ
734 2314 1022 2413 κέγχρου
1077 2305 1187 2387 καὶ
1241 2314 1557 2415 σησάμου
1608 2316 1765 2389 ὅσον
1825 2342 1886 2388 τι
1942 2314 2211 2414 δένδρον
2262 2311 2565 2412 μέγαθος
2608 2318 2870 2411 γίνεται,

601 2432 1111 2529 ἐξεπιστάμενος
1150 2439 1431 2536 μνήμην
1469 2436 1548 2509 οὐ
1580 2439 1979 2535 ποιήσομαι,
2041 2436 2118 2508 εὖ
2168 2434 2365 2515 εἰδὼς
2414 2433 2519 2506 ὅτι
2568 2439 2745 2509 τοῖσι
2788 2434 2875 2530 μὴ

599 2551 1028 2653 ἀπιγμένοισι
1064 2555 1134 2639 ἐς
1169 2559 1292 2656 τὴν
1326 2554 1778 2659 Βαβυλωνίην
1818 2560 2057 2657 χώρην
2096 2557 2205 2629 καὶ
2239 2554 2322 2629 τὰ
2358 2553 2691 2655 εἰρημένα
2727 2579 2875 2655 καρ-

596 2682 744 2747 πῶν
803 2673 1096 2773 ἐχόμενα
1158 2676 1231 2759 ἐς
1298 2674 1615 2775 ἀπιστίην
1676 2675 1940 2776 πολλὴν
2003 2673 2293 2750 ἀπῖκται.
2420 2676 2764 2776 χρέωνται
2812 2675 2878 2748 δὲ

600 2793 795 2868 οὐδὲν
849 2793 1077 2892 ἐλαίῳ,
1133 2786 1291 2868 ἀλλ’
1351 2797 1424 2870 ἐκ
1472 2803 1606 2869 τῶν
1654 2798 1990 2897 σησάμων
2028 2803 2389 2878 ποιεῦντες.
2483 2798 2615 2871 εἰσὶ
2655 2796 2739 2870 δέ
2771 2820 2878 2894 σφι
2904 2807 2949 2859 2⁸

598 2920 888 3013 φοίνικες
918 2919 1288 3013 πεφυκότες
1323 2915 1451 2991 ἀνὰ
1485 2921 1620 2991 πᾶν
1656 2920 1737 2991 τὸ.
1763 2916 2015 2999 πεδίον,
2053 2919 2116 2988 οί
2144 2916 2424 2998 πλεῦνες
2455 2916 2687 2990 αὐτῶν
2726 2942 2875 3017 καρ·

596 3038 905 3135 ποφόροι,
950 3035 1025 3108 ἐκ
1060 3042 1194 3107 τῶν
1231 3040 1340 3108 καὶ
1375 3042 1550 3113 σιτία
1588 3040 1695 3111 καὶ
1731 3037 1907 3111 οἶνον
1944 3039 2053 3109 καὶ
2092 3037 2248 3131 μέλι
2284 3043 2631 3111 ποιεῦνται
2662 3064 2676 3077 ·
2736 3040 2879 3117 τοὺς

599 3156 852 3228 συκέων
910 3158 1154 3256 τρόπον
1209 3157 1657 3256 θεραπεύουσι
1712 3157 1795 3231 τά
1847 3182 1920 3230 τε
1973 3153 2150 3229 ἀλλα
2197 3158 2308 3229 καὶ
2362 3161 2686 3254 φοινίκων
2737 3160 2882 3239 τοὺς

910 3396 1024 3467 περὶ
1046 3402 1148 3449 τῶν
1169 3404 1381 3468 καρπῶν
1402 3400 1497 3466 τῆς
1523 3392 1867 3466 Βαβυλωνίων
1890 3398 2064 3468 χώρας

805 3605 851 3655 3.
893 3602 1092 3658 Pollux
1116 3602 1226 3659 VII
1255 3607 1369 3658 1⁴3.
1415 3633 1483 3645 —-
1531 3607 1613 3659 20.
1656 3604 1854 3662 Strabo
1878 3623 1931 3677 p.
1966 3606 2080 3658 746.
2123 3633 2189 3645 —
2224 3604 2322 3659 εἰσὶ
2349 3634 2380 3646 -
2403 3622 2460 3677 p.
2480 3606 2598 3670 125,
2622 3608 2657 3657 5
2682 3604 2884 3661 ὄλυνθοι

701 3671 1019 3727 Athenaeus
1055 3690 1109 3744 p.
1140 3675 1234 3727 651

706 3829 750 3881 1.
791 3845 846 3881 τε
870 3845 979 3881 om.
1009 3830 1187 3884 B¹Ra
1232 3832 1255 3895 ΙΙ
1303 3833 1351 3882 3.
1391 3831 1496 3901 κηλ
1592 3831 1711 3884 ίοισι
1736 3830 2009 3893 Romuli,
2039 3830 2336 3900 κηλωνίοισι
2361 3830 2423 3883 dz
2466 3832 2490 3895 Ι
2539 3833 2587 3883 5.
2628 3829 2883 3903 διορύχων

595 3899 653 3954 Β
722 3899 746 3965 u
815 3896 966 3969 νηυσὶ
990 3898 1207 3968 περητὸς
1233 3899 1412 3953 BRdz
1481 3901 1503 3963 ΙΙ
1612 3938 1622 3948 .
1665 3897 1721 3952 εὐ
1763 3899 1928 3969 ράτεω
1952 3899 2049 3955 Ra
2115 3901 2138 3964 ΙΙ
2205 3897 2255 3951 τί
2288 3917 2362 3969 ριν
2388 3898 2504 3955 Ρᾰι
2661 3901 2712 3952 8.
2756 3905 2884 3955 νὶνος

603 3967 722 4023 01²2
812 3970 835 4033 ΙΙ
929 3965 1107 4038 οἴκητο
1133 3966 1444 4037 wesseling
1481 3984 1510 4019 e
1546 3967 1663 4021 cod.
1752 3966 2058 4036 antabrig.,
2137 3986 2181 4040 ρ.
2224 3986 2404 4039 οκητο
2441 3969 2573 4041 Step
2614 3986 2795 4023 anun:
2842 3968 2887 4021 ol

597 4054 793 4104 ωικητο
816 4041 892 4101 Α,
933 4036 984 4089 οί
1005 4039 1201 4107 όικητο
1227 4038 1299 4102 Β,
1349 4037 1400 4090 οί
1422 4038 1616 4108 ὦικητο
1645 4036 1755 4102 GP,
1801 4036 2062 4107 οίκώκητο
2093 3987 2202 4102 sz.
2249 4037 2479 4093 οἰκέαται
2515 4057 2544 4092 z
2634 4040 2663 4103 Ι
2762 4036 2885 4106 αὕτη

597 4106 799 4160 πασέων
824 4105 1014 4161 AB&
1057 4105 1261 4159 πασέων
1285 4104 1415 4177 αὕτη
1442 4107 1515 4171 R,
1564 4105 1695 4176 αὐτὴ
1734 4105 1973 4160 ἁπασέων
2012 4105 2076 4172 Ρ,
2124 4127 2158 4161 α
2278 4105 2518 4161 ἁπασέων
2543 4126 2588 4173 z,
2640 4107 2885 4162 ἁπασέων

596 4173 728 4246 αὕτη
753 4175 791 4230 d
869 4179 892 4241 ΙΙ
978 4176 1059 4229 13.
1103 4174 1306 4228 ἐπειδᾶν
1329 4179 1399 4240 A,
1440 4174 1594 4229 ἐπεὰν
1620 4177 1701 4239 dx}
1743 4169 1823 4229 ἐπ’
1847 4175 1935 4228 ἐὰν
1963 4174 2020 4228 R
2094 4178 2118 4241 fl
2198 4196 2232 4230 α
2353 4175 2535 4248 ἄριστα
2559 4177 2678 4243 Ra,
2709 4177 2887 4249 ἄριστα

596 4242 779 4315 ‹abt-122
825 4248 848 4312 ΙΙ
896 4243 1133 4316 έκείνηᾱ
1175 4247 1198 4311 ΙΙ
1254 4246 1334 4298 15.
1374 4246 1631 4319 τεσσάρων
1660 4246 1818 4300 0sz
1864 4248 1886 4309 ΙΙ
1934 4243 2274 4299 εὐπετέωνάι
2329 4248 2353 4310 Ι
2416 4247 2494 4297 16.
2537 4244 2810 4317 δένδρουκ
2860 4245 2884 4307 Ι

601 4314 681 4366 18.
721 4316 917 4386 καρπὸν
943 4315 1066 4369 Rdz
1122 4315 1144 4378 ΙΙ
1205 4315 1285 4368 19.
1327 4314 1536 4369 ἀπίκται
1560 4315 1675 4369 AB
1731 4316 1755 4378 ΙΙ
1812 4315 1895 4366 20.
1938 4320 2196 4368 ποιεῦνται
2219 4334 2262 4380 ε,
2304 4319 2562 4374 ποιεῦντες
2586 4313 2885 4388 ἀλείφονται

595 4382 878 4438 invenerat
909 4383 1138 4438 fortasse
1173 4383 1370 4438 Strabo
1386 4426 1398 4448 ‚
1449 4382 1554 4437 nisi
1599 4382 1760 4454 plura
1796 4382 2067 4451 quaedam
2109 4383 2309 4438 desunt
2420 4386 2445 4450 Ι
2560 4386 2671 4455 σφι]
2710 4381 2886 4438 αὐτόθι

598 4452 800 4507 Athen.
854 4456 877 4518 ΙΙ
925 4454 1011 4508 21.
1051 4452 1295 4507 αὐτέωνκ
1340 4455 1363 4517 u
1411 4453 1494 4504 22.
1536 4451 1795 4504 ποιέονται
1821 4450 2025 4506 Athon.
2078 4455 2102 4518 Ι
2159 4453 2243 4505 23.
2284 4460 2454 4507 συκῶν
2480 4453 2577 4508 Ra
2619 4456 2646 4519 u
2694 4454 2887 4524 τρόποι

603 4522 652 4577 0
700 4525 724 4589 11
781 4520 1115 4593 θεραπεύωσι.
1145 4528 1248 4574 τῶν
1272 4521 1369 4593 γὰρ
1392 4520 1634 4592 φοινίκων
1660 4519 1749 4580 οὓς
1776 4519 1980 4576 Athen.
