3059 5125
1083 358 1482 421 -Ζ-
2336 360 2411 422 81

157 533 370 611 νύσιος
421 529 495 601 δὲ
541 533 577 600 ὁ
627 528 954 611 Φωκαεὺς
1019 532 1239 604 ἐπείτε
1304 530 1520 625 ἔμαθε
1588 539 1721 602 τῶν
1768 522 2024 601 Ἰώνων
2096 529 2177 601 τὰ
2234 534 2415 627 πρή-

155 674 369 745 γματα
403 648 897 747 διεφθαρμένα,
948 650 1107 730 νέας
1142 651 1315 722 ἑλὼν
1355 656 1530 748 τρεῖς
1566 658 1699 721 τῶν
1733 651 2078 742 πολεμίων
2119 647 2419 721 ἀπέπλεε

153 768 220 847 ές
254 766 376 862 μὲν
411 766 726 841 Φώκαιαν
761 769 1024 859 οὐκέτι,
1076 771 1152 842 εὖ
1195 769 1393 850 εἰδὼς
1429 773 1524 850 ὡς
1572 768 2112 869 ἀνδραποδιεῖται
2164 769 2283 839 σὺν
2331 770 2417 867 τῇ

152 885 324 985 ἄλλῃ
356 878 621 986 Ἰωνίῃ·
698 890 733 959 δ
793 888 869 961 δὲ
918 889 1122 971 ἰθέως
1174 894 1269 969 ὡς
1314 888 1456 987 εἶχε
1494 889 1695 961 ἔπλεε
1731 890 1802 985 ἐς
1836 886 2196 986 Φοινίκην,
2250 889 2417 984 γαύ-

95 1021 121 1068 5
154 1007 304 1086 λους
339 1006 416 1078 δὲ
451 1007 745 1079 ἐνθαῦτα
777 1009 1153 1090 καταδύσας
1188 1013 1297 1081 καὶ
1333 1013 1664 1108 χρήματα
1702 1009 1929 1110 λαβὼν
1957 1007 2182 1078 πολλὰ
2219 1005 2419 1078 ἔπλεε

66 1171 71 1178 ·
151 1125 214 1204 ἐς
265 1125 616 1224 Σικελίην,
678 1128 1091 1225 ὁρμεόμενος
1160 1127 1235 1199 δὲ
1305 1128 1615 1199 ἐνθεῦτεν
1676 1128 1964 1227 ληιστὴς
2018 1129 2418 1222 κατεστήκεε

140 1238 495 1341 Ἑλλήνων
535 1246 656 1339 μὲν
695 1247 986 1335 οὐδενός,
1030 1245 1520 1346 Καρχηδονίων
1563 1245 1634 1318 δὲ
1670 1251 1779 1318 καὶ
1816 1243 2202 1344 Τυρσηνῶν.

293 1362 376 1435 Οἱ
426 1365 500 1437 δὲ
559 1363 814 1463 Πέρσαι
866 1366 1084 1438 ἐπείτε
1129 1369 1216 1465 τῇ
1267 1371 1612 1464 ναυμαχίῃ
1667 1366 1901 1437 ἐνίκων
1953 1366 2108 1445 τοὺς
2141 1359 2413 1453 Ἴωνας,
2454 1369 2530 1429 18

145 1486 260 1581 τὴν
299 1478 608 1581 Μίλητον
668 1485 1177 1582 πολιορκέοντες
1231 1486 1306 1559 ἐκ
1357 1494 1483 1586 γῆς
1535 1490 1641 1558 καὶ
1692 1485 2049 1581 θαλάσσης
2098 1486 2206 1555 καὶ
2244 1483 2412 1555 ὑπο-

64 1611 116 1660 10
148 1605 497 1698 ρύσσοντες
558 1601 639 1674 τὰ
706 1608 934 1702 τείχεα
993 1601 1102 1676 καὶ
1162 1610 1484 1685 παντοίας
1535 1604 1847 1703 μηχανὰς
1893 1602 2411 1702 προσφέροντες,

146 1723 438 1819 αἱρέουσι
471 1717 617 1793 κατ’
666 1721 879 1822 ἄκρης
917 1722 1089 1821 ἕκτῳ
1126 1725 1265 1798 ἔτεϊ
1297 1723 1428 1796 ἀπὸ
1465 1732 1593 1822 τῆς
1628 1721 2034 1803 ἀποστάσιος
2062 1728 2189 1819 τῆς
2215 1711 2411 1818 Ἀρι-

144 1844 486 1940 σταγόρεω
540 1845 648 1913 καὶ
704 1842 1287 1941 ήνδραποδίσαπο
1337 1848 1461 1942 τὴν
1520 1843 1714 1915 πόλιν
1736 1901 1754 1932 ,
1815 1846 1985 1914 ὥστε
2046 1844 2409 1935 συμπεσεῖν

143 1961 212 2029 τὸ
256 1959 480 2041 πάθος
528 1964 630 2057 τῷ
671 1967 1074 2061 χρηστηρίῳ
1126 1965 1226 2060 τῷ
1274 1962 1344 2043 ἐς
1382 1958 1687 2060 Μίλητον
1724 1961 2092 2059 γενομένῳ.
2185 1987 2410 2059 χρεω-
2450 1969 2527 2028 19

144 2081 397 2172 μένοισι
446 2079 573 2177 γὰρ
602 2070 973 2178 Ἀργείοισι
1023 2081 1093 2153 έν
1147 2079 1466 2178 Δελφοῖσι
1517 2084 1671 2180 περὶ
1722 2085 2074 2179 σωτηρίης
2122 2090 2246 2180 τῆς
2281 2082 2407 2150 πό-

64 2209 110 2259 Ιὸ
141 2197 276 2279 λιος
305 2207 436 2299 τῆς
487 2198 821 2297 σφετέρης
869 2200 1182 2300 ἐχρήσθη
1237 2201 1570 2273 ἐπίκοινον
1629 2205 2084 2299 χρηστήριον,
2155 2201 2229 2269 τὸ
2289 2198 2409 2292 μὲν

141 2318 205 2396 ἐς
237 2316 488 2399 αὐτοὺς
520 2320 677 2399 τοὺς
703 2312 1039 2418 Ἀργείους
1081 2319 1320 2418 φέρον,
1380 2323 1502 2418 τὴν
1557 2318 1633 2392 δὲ
1683 2319 2118 2420 παρενθήκην
2151 2317 2412 2417 ἔχρησε

141 2435 204 2516 ές
252 2432 655 2535 Μιλησίους.
747 2440 826 2509 τὸ
885 2438 1003 2533 μέν
1066 2466 1179 2510 νυν
1245 2441 1318 2520 ές
1366 2441 1522 2520 τοὺς
1563 2432 1900 2538 Ἀργείους
1953 2438 2152 2536 ἔχον,
2205 2435 2405 2509 ἐπεὰν

141 2554 296 2628 κατὰ
348 2564 552 2629 τοῦτο
587 2556 891 2655 γένωμαι
927 2564 1047 2631 τοῦ
1084 2558 1323 2657 λόγου,
1379 2564 1531 2632 τότε
1587 2560 2111 2659 μνησθήσομαι·
2201 2557 2283 2628 τὰ
2334 2556 2407 2629 δὲ

139 2679 300 2749 τοῖσι
336 2672 740 2776 Μιλησίοισι
777 2677 859 2749 ού
893 2684 1219 2777 παρεοῦσι
1257 2679 1538 2778 ἔχρησε,
1579 2678 1722 2777 ἔχει
1766 2682 1920 2752 ὧδε.

64 2806 108 2859 ¹⁰
331 2801 447 2872 καὶ
481 2800 632 2870 τότε
668 2796 781 2896 δή,
823 2793 1094 2896 Μίλητε
1130 2805 1354 2869 κακῶν
1394 2798 1776 2899 ἐπιμήχανε
1813 2800 2055 2899 ἔργων,

329 2917 682 2990 πολλοῖσιν
742 2917 1006 2989 δεῖπνόν
1057 2942 1130 2988 τε
1184 2920 1291 2988 καὶ
1329 2915 1550 3015 ἀγλαὰ
1588 2921 1774 3018 δῶρα
1809 2924 2095 3017 γενήσῃ,

331 3039 447 3108 σαὶ
483 3024 543 3106 δ’
593 3035 834 3135 ἄλοχοι
869 3035 1182 3109 πολλοῖσι
1218 3038 1433 3117 πόδας
1468 3041 1728 3136 νίψουσι
1767 3044 2118 3139 κομήταις,

329 3161 502 3253 νηοῦ
540 3149 600 3227 δ’
646 3156 981 3256 ἡμετέρου
1018 3154 1336 3250 Διδύμοις
1373 3154 1635 3229 ἄλλοισι
1674 3157 1977 3257 μελήσει.

337 3390 678 3516 θάλΜιλήτου
715 3393 984 3463 πολιορκία
1023 3395 1108 3445 καὶ
1145 3391 1334 3446 ἅλωσις
1355 3395 1440 3447 καὶ
1469 3396 1833 3462 μετανάστασις
1868 3395 2006 3466 παρὰ
2035 3396 2129 3466 τὴν
2154 3390 2404 3466 Ἐρυθρὰν

439 3479 597 3516 ασσαν
1560 3513 1567 3518 ,

334 3725 385 3775 4.
421 3722 642 3793 γαύλους
681 3751 710 3761 -
746 3724 776 3772 5
810 3719 1097 3780 καταδύσας
1137 3721 1414 3776 Antonius
1451 3722 1608 3775 Mon.
1656 3731 1712 3776 et
1745 3722 1941 3776 Suidas
1976 3741 2023 3774 v.
2068 3722 2271 3793 γαῦλος.
2333 3751 2403 3759 —-

141 3790 216 3843 20.
253 3791 343 3845 καὶ
367 3822 395 3832 ·-
417 3794 482 3845 23
509 3791 725 3861 μελήσει
748 3790 968 3844 'raetzes
999 3789 1232 3843 Chiliad.
1261 3791 1408 3844 VIII
1443 3793 1573 3844 1003
1599 3809 1717 3860 sqq.

234 3957 281 4006 3.
558 3952 608 4006 C'
767 3955 817 4005 4.
890 3952 1078 4011 αύλους
1104 3953 1179 4006 R.
1213 3951 1441 4017 (Suid.)=
1493 3953 1711 4025 γαυλοὺς
1770 3956 1793 4019 11
1854 3956 1899 4004 5.
1944 3952 2161 4006 ἐνταῦθα
2187 3954 2393 4006 Anton.

140 4029 189 4073 et
211 3955 802 4091 Βιιὶιῖωἶιωκαταλὶσας
915 4023 973 4076 R
1041 4024 1066 4087 11
1133 4020 1302 4074 ἕπλωε
1329 4023 1405 4074 B²
1462 4026 1484 4088 11
1553 4025 1602 4075 6.
1644 4024 1704 4093 ὁρ
1773 4022 1954 4092 όμενος
1990 4022 2063 4074 P:
2102 4023 2400 4093 ὁρμώμενος

139 4090 311 4157 ABR,
332 4093 664 4213 ἴμεώμενος
696 4091 801 4144 od:
855 4093 879 4156 Ε
934 4089 1129 4161 ληστὴς
1155 4089 1206 4152 d,
1234 4090 1266 4142 λ
1306 4094 1429 4162 στὴς
1453 4108 1478 4141 z
1526 4095 1549 4156 11
1596 4110 1694 4144 κατ
1723 4108 1905 4162 στηκεν
1932 4092 1989 4143 R
2034 4094 2056 4157 11
2106 4093 2152 4143 ’7.
2193 4091 2295 4143 καλ
2333 4109 2401 4160 η-

141 4157 308 4214 δονίων
429 4164 454 4217 Ι
491 4168 758 4284 ruffi-:1¹:650
784 4160 929 4222 213¹,
955 4177 1016 4212 τυ
1048 4167 1186 4229 ηνῶν
1219 4158 1266 4210 0
1335 4161 1358 4225 11
1408 4163 1458 4212 9.
1485 4162 1574 4213 καὶ
1598 4168 1724 4213 ante
1761 4159 2125 4230 ὑπορύσσοντες
2151 4177 2239 4211 om
2382 4160 2403 4228 11

146 4229 486 4301 lhmtdptpqc
509 4234 565 4284 A
680 4270 693 4293 ‚
722 4230 975 4299 mdxpoc
1092 4230 1116 4293 11
1151 4227 1204 4280 ἐν
1226 4235 1301 4281 τῶ
1328 4226 1462 4281 ἔκτω
1488 4230 1547 4282 R
1579 4232 1600 4294 11
1638 4228 1737 4281 ἔτει
1754 4229 1925 4281 ABR
1956 4232 1979 4293 11
2019 4230 2098 4280 12.
2129 4234 2401 4298 συμπεσεῖν

141 4296 294 4351 AB¹=
333 4300 628 4368 συμπεσέειν
657 4298 823 4360 Bw,
863 4295 1135 4367 Ευμπεσεῖν
1164 4296 1286 4359 sz,
1325 4296 1619 4366 Ευμπεσέειν
1645 4298 1693 4350 0
1746 4300 1769 4363 11
1835 4299 1915 4349 13.
1944 4297 2261 4369 χρεομένοισι
2290 4297 2341 4348 Ρ

148 4366 219 4416 14.
247 4369 492 4439 σωτηρίας
516 4373 614 4438 τῆς
632 4365 831 4426 πόλεως
856 4365 894 4418 d
930 4368 955 4431 Ι
998 4368 1080 4417 16.
1105 4365 1287 4426 αὐτοὺς
1300 4383 1407 4419 om.
1445 4366 1492 4417 C
1523 4369 1546 4431 11
1583 4366 1646 4438 φέ
1681 4364 2132 4437 ον-ΠἈργείους
2158 4383 2261 4417 om.
2290 4366 2359 4415 Βι

149 4434 330 4487 17.νυν
356 4453 461 4488 om.
500 4435 550 4487 Ο
593 4438 618 4500 Ι
660 4435 795 4500 τοὺς]
824 4434 1006 4493 αὐτοὺς
1033 4434 1177 4486 Aca
1218 4438 1240 4500 11
1288 4435 1425 4508 ἔχων
1450 4435 1505 4486 Β
1551 4438 1573 4500 11
1620 4438 1636 4486 1
1688 4475 1698 4486 .
1730 4435 1849 4487 ὦιδε
1875 4434 1925 4485 Ρ
1959 4437 1981 4499 11
2023 4435 2103 4485 21.
2138 4433 2400 4486 πολλοῖσιν

147 4501 267 4556 BPt
303 4503 543 4557 πολλοῖσι
586 4507 610 4568 11
654 4505 853 4574 γενήσει
879 4503 1011 4554 A¹B
1056 4507 1079 4568 11
1126 4505 1211 4555 22.
1250 4499 1482 4573 κομίταις
1508 4503 1546 4555 d
1588 4505 1610 4568 ΙΙ
1658 4504 1740 4554 23.
1782 4508 1904 4555 ναοῦ
1934 4503 1991 4554 R

240 4604 486 4646 Herodotus
516 4604 576 4647 11.
1956 4589 1987 4638 6
