3059 5125
1146 329 1403 388 ΣΧΟΛΙΑ
2295 342 2423 404 437

175 503 328 562 Tum.
362 503 406 556 1.
2340 512 2386 568 Β

140 612 204 673 p.
244 596 392 666 216,
434 598 503 652 17
555 586 959 675 συγκυβεύειν]
1012 590 1440 676 συνταβλίζειν.
1504 592 1785 678 κυβευταί
1824 593 1939 682 γὰρ
1997 600 2053 661 οἱ
2185 622 2238 662 c.
2301 605 2417 664 122

553 693 901 778 ταβλισταί,
935 691 1039 758 καὶ
1068 689 1248 781 κύβος
1284 700 1405 760 πᾶν
1433 691 1828 783 τετράγωνον.
1881 700 1948 763 Β

241 803 392 877 217,
430 804 502 860 13
548 791 920 883 περιήλυσιν]
955 795 1174 882 ἔφοδον
1197 847 1212 873 ,
1247 798 1512 884 πορείαν.
1569 800 1636 864 Β
2298 813 2413 869 123

240 905 391 979 219,
424 908 458 962 7
548 898 868 986 συρμαίην]
905 897 1064 973 εἶδος
1091 904 1458 975 πλακοῦντος
1487 904 1876 991 καθαρτικοῦ.
1929 907 2066 971 ΔΒ
2300 916 2415 973 125

554 998 963 1088 ἀναισιμώθη]
1003 999 1381 1090 ἐδαπανήθη.
1432 1006 1549 1070 Bd

423 1114 458 1169 9
549 1101 989 1192 ἐπιλεγόμενος]
1030 1102 1482 1192 ἀναγινώσκων.
1531 1109 1597 1174 Β

422 1214 499 1274 25
545 1210 832 1297 πλέθρου]
874 1207 1035 1283 εἶδος
1063 1209 1299 1297 μέτρου.
1354 1212 1421 1275 Β
2300 1227 2415 1283 126

238 1319 393 1395 220,
423 1319 497 1377 21
548 1312 921 1400 τετρυμένον]
965 1308 1373 1400 ὠδυνημένον,
1411 1321 2000 1404 καταπεπονημένον,
2036 1345 2157 1384 κα-
2298 1329 2413 1386 129

548 1415 849 1501 κοπαθείᾳ
876 1420 1072 1503 πολλῇ
1091 1413 1496 1504 χρησάμενον.
1525 1421 1593 1485 Β

548 1515 913 1608 τρυχόμενον
944 1516 1149 1607 χρόνῳ
1195 1527 1424 1609 μακρῷ.
1481 1523 1549 1587 Β

236 1630 388 1702 221,
426 1630 496 1687 18
544 1622 841 1706 κολοσσοί]
879 1619 1222 1711 ἀγάλματα.
1277 1625 1342 1690 Β
1890 1652 1903 1660 ·
2294 1640 2410 1694 130

235 1734 388 1805 222,
427 1734 498 1791 ιο
545 1723 697 1813 ζωή]
738 1731 926 1799 ζῶσα.
978 1728 1046 1792 Β
2295 1741 2411 1796 132

418 1836 497 1894 20
543 1826 803 1919 πάτρως]
840 1825 875 1896 ὃ
903 1834 1010 1896 τοῦ
1038 1828 1260 1918 πατρὸς
1292 1827 1575 1918 ἀδελφός.
1632 1833 1696 1896 Β
2292 1844 2409 1902 133

234 1942 386 2015 223,
416 1943 452 1998 4
545 1935 1089 2021 κατακεκριμένων]
1124 1940 1316 2000 ταῦτα
1347 1930 1512 2022 αὐτῷ
1542 1934 1779 2021 ἐκρίθη.
1830 1937 1896 2000 Β

417 2046 453 2102 5
498 2035 502 2040 ’
542 2033 719 2121 ὅκως]
756 2033 935 2104 ὁπότε
970 2037 1208 2124 γίνοιτο.
1261 2038 1328 2102 Β

416 2148 453 2206 8
542 2136 931 2228 ἐνηβητήρια]
969 2136 1378 2228 εὖωχητήρια.
1415 2142 1482 2205 Β

420 2252 493 2309 18
541 2243 993 2330 ἀναισίμωνται]
1044 2240 1503 2330 δεδαπάνηνται.
1558 2246 1624 2309 Β
2293 2258 2409 2313 134

237 2356 498 2428 224,10
543 2342 963 2435 ἐπαφρόδιτος]
1001 2345 1342 2434 ἐπιθυμητὴ
1366 2344 1521 2413 κατὰ
1545 2343 1862 2452 ἀσέλγειαν
1881 2352 2003 2424 τοῖς
2025 2346 2158 2416 τότε
2296 2360 2410 2416 135

543 2446 904 2539 ἀνθρώποις.
936 2452 1003 2516 Β

428 2561 511 2626 18
545 2551 794 2644 οβελους
824 2549 1174 2643 βουπόρους.
1243 2549 1563 2640 μεγάλους.
1619 2554 1686 2619 Β

414 2666 492 2723 20
540 2660 944 2743 συννενέαται]
983 2658 1373 2745 συνηγμένοι,
1423 2659 1909 2744 πεπυκνωμένοι,
1943 2684 2152 2727 συνει-

540 2762 839 2850 λεγμένοι.
889 2763 957 2827 Β

235 2873 385 2946 225,
420 2874 446 2929 1
541 2863 651 2932 οὐκ
700 2860 1064 2953 ἐφλυαρήθη
1114 2860 1279 2952 παρά
1322 2889 1443 2930 τισι
1469 2868 1732 2930 τοσαῦτα
1760 2865 1898 2952 περὶ
1944 2864 2152 2954 αὐτῆς,

541 2966 805 3056 ἀκαίρως
834 2964 943 3035 οὐκ
971 2969 1201 3055 ἐλέχθη
1231 2963 1347 3033 ὅσα
1376 2966 1482 3033 καὶ
1507 2966 1646 3054 περὶ
1687 2973 1792 3054 τῆς
1824 2962 2033 3056 ἄλλης.
2082 2970 2149 3038 τὸ

539 3069 655 3160 γὰρ
702 3073 888 3138 εἰπεῖν
939 3096 1103 3146 τινας
1152 3070 1491 3158 πυραμίδας
1531 3067 1716 3158 αὖτήν
1760 3074 2154 3159 πεποιηκέναι

541 3176 841 3264 φλυαρίαν
871 3171 904 3242 ‘o
939 3172 1228 3262 ἱστορικὸς
1250 3174 1589 3261 ἐλογίσατο.
1627 3172 1730 3240 διὰ
1750 3180 1921 3241 τοῦτο
1945 3175 2108 3243 εἶπεν
2128 3200 2143 3215 ·

540 3272 725 3365 ἧσσον
754 3273 1335 3366 πειριλεσχήνευτος.
1386 3279 1451 3341 Β

409 3386 489 3446 22
534 3383 928 3470 κατονοσθῇς]
971 3381 1409 3467 καταμέμφοιο.
1462 3381 1529 3445 Β
2290 3393 2432 3451 136Δ

231 3494 487 3567 228,14
536 3480 980 3573 Σαναχάριβον]
1015 3483 1116 3551 τὸν
1150 3480 1533 3571 Σεναχηρεὶμ
1560 3484 1743 3568 λέγει.
1798 3482 1867 3547 Β
2285 3495 2397 3552 141

175 3608 189 3627 ⁶
411 3596 491 3653 25
537 3585 970 3677 χειρώνακτας]
1007 3588 1398 3711 χειροτέχνας
1428 3585 1659 3673 καὶτῆς
1686 3586 1894 3672 μέσης.
1942 3589 2011 3652 Β

232 3701 378 3774 229,
409 3701 443 3755 3
532 3689 608 3758 τὰ
637 3685 857 3779 οχανα]
892 3688 1029 3765 τους
1058 3686 1411 3778 πόρπακας,
1454 3687 1593 3763 τοὺς
1620 3685 1891 3775 δεσμους.
1944 3692 2011 3755 Β

234 3803 487 3876 231,17
536 3790 931 3881 λογιζόμενοι]
970 3793 1346 3880 ψηφίζοντες.
1384 3794 1451 3857 Β
2285 3804 2401 3859 145

234 3906 381 3978 234,
412 3906 491 3962 23
536 3893 844 3982 κολοσσός]
883 3889 1169 3983 αγαλμα,
1215 3891 1483 3985 ἀνδριάς.
1538 3897 1605 3961 Β
2289 3906 2404 3962 149

232 4009 380 4082 238,
411 4010 490 4065 20
537 3997 727 4084 ὃλκοί]
764 3996 940 4074 ὃλκός
970 4001 1126 4066 ἐστιν
1158 3996 1191 4066 ὃ
1219 3996 1460 4086 ’ἀγωγὸς
1488 4003 1593 4065 τοῦ
1618 3993 1907 4085 ρεόματος
1937 3997 2040 4063 καὶ
2082 3998 2146 4065 τὸ
2286 4008 2400 4064 154

534 4109 639 4170 τοῦ
664 4098 985 4191 δράκοντος
1008 4097 1207 4191 σόρμα
1224 4101 1328 4168 καὶ
1356 4101 1422 4168 τὸ
1445 4107 1553 4188 τῆς
1575 4100 1849 4189 τρόπιδος
1870 4100 2122 4188 ἔκταμα.
2146 4103 2212 4166 Β
2282 4137 2291 4143 ·

234 4215 377 4288 243,
408 4215 487 4272 25
532 4210 640 4296 τῷ]
684 4202 998 4293 Ἀμάσιδι.
1050 4208 1119 4271 Β
1500 4246 1514 4261 ·
2281 4213 2397 4269 162

231 4320 375 4391 244,
407 4321 438 4375 7
533 4306 932 4397 ἀπεματάισε]
969 4305 1481 4396 ἐματαιολόγησεν
1503 4361 1523 4390 ,
1560 4305 1889 4396 ἐμώρανεν.
1942 4311 2008 4374 Β

414 4423 487 4481 17
535 4410 912 4503 περιθύμως]
947 4410 1103 4480 πάνυ
1133 4410 1407 4501 ὀργίλως.
1462 4412 1528 4480 Β
