3059 5125
585 390 735 435 xxu
1578 364 1867 421 Praefatio.

588 546 817 621 altera
850 546 1222 619 derivatus
1255 553 1411 617 erat
1445 546 1511 617 is
1547 542 1739 618 liber
1784 544 1980 616 unde
2018 541 2421 637 descriptus
2457 549 2569 615 est
2608 542 2692 627 Ο,
2738 539 2857 614 sed

587 700 737 749 non
773 675 980 771 prius
1016 698 1237 771 quam
1271 671 1397 746 ille
1428 671 1581 768 (ζεῦ)
1610 671 2026 746 correctoris
2051 696 2278 752 manu
2302 669 2571 745 multas
2600 670 2860 744 varias-

590 829 735 903 que
770 804 1091 878 subisset
1122 803 1602 875 mutationes:
1669 827 1765 875 ex
1801 802 2015 875 tertia
2051 799 2370 897 denique
2418 809 2587 896 post
2621 800 2859 873 nescio

591 944 773 1031 quot
808 932 1344 1008 vicissitudines
1398 940 1475 1005 et
1519 930 1835 1027 longiori
1880 930 2270 1004 intervallo
2311 929 2663 1025 temporis
2700 929 2860 1003 talis

589 1063 927 1160 provenit
962 1061 1493 1159 qualem-nune
1526 1062 1887 1134 habemus
1923 1058 1975 1132 d
2003 1057 2177 1133 inde
2214 1084 2259 1133 a
2290 1059 2355 1131 B
2399 1060 2567 1135 134.
2615 1059 2701 1133 hi
2731 1057 2860 1153 igi-

590 1203 709 1267 tur
745 1201 1094 1289 quattuor
1129 1189 1428 1286 stirpem
1460 1188 1791 1264 referunt
1825 1214 2050 1262 unam
2094 1214 2405 1284 eamque
2440 1189 2763 1274 omnino,
2805 1188 2861 1259 si

589 1323 811 1396 trium
861 1330 1143 1417 spectas
1189 1323 1678 1409 membranas,
1728 1320 2222 1394 vetustiorem.
2314 1317 2611 1393 alterius
2647 1317 2859 1404 enim,

591 1475 781 1547 quae
818 1475 864 1523 a
889 1448 956 1525 Ψ
992 1449 1348 1547 originem
1381 1450 1634 1537 habet,
1670 1473 1870 1521 nunc
1906 1456 2167 1522 extant
2199 1445 2649 1542 exemplaria
2679 1448 2861 1522 inter

593 1579 827 1654 multa
853 1603 1120 1676 genere
1157 1587 1470 1675 cognata
1501 1580 1651 1652 duo
1685 1577 2068 1672 potissima
2091 1578 2260 1665 PR,
2290 1585 2365 1650 et
2390 1577 2552 1672 ipsa
2574 1578 2766 1651 inter
2791 1601 2859 1650 se

591 1735 743 1783 non
779 1710 1039 1783 aetatis
1074 1709 1289 1780 modo
1325 1710 1453 1782 sed
1485 1708 1709 1782 etiam
1759 1705 2160 1802 scripturae
2204 1706 2619 1782 diversitate
2669 1708 2861 1780 haud

593 1837 1050 1913 mediocriter
1102 1837 1452 1924 diiuncta,
1501 1837 1726 1933 idque
1763 1860 1917 1909 non
1952 1845 2105 1910 tam
2140 1834 2630 1924 librariorum,
2683 1861 2860 1932 quae

591 1967 745 2043 fere
778 1965 1186 2040 insimulari
1219 1965 1430 2054 solet,
1479 1966 1748 2040 inertia
1794 1974 1927 2039 aut
1958 1965 2228 2038 iniuria
2266 1966 2612 2060 temporis
2652 1990 2861 2061 quam

594 2108 796 2172 certa
844 2121 1068 2193 opera
1123 2094 1570 2193 consilioque
1630 2095 2005 2169 doctorum
2069 2094 2477 2170 hominum.
2606 2095 2862 2190 quibus

591 2227 795 2300 libris
833 2226 1336 2323 adiunguntur
1371 2223 1583 2298 alteri
1616 2249 1684 2321 q,
1739 2223 1951 2298 alteri
1996 2248 2106 2301 τευ
2150 2225 2777 2324 Laurentianique
2821 2223 2866 2296 d

593 2381 759 2453 pars
808 2356 1011 2452 prior
1070 2363 1146 2429 et
1193 2352 1637 2450 Angelicani
1686 2355 1762 2427 B
1811 2353 2177 2449 particula
2235 2353 2368 2428 illa
2423 2352 2591 2428 libri
2654 2352 2861 2449 primi

592 2473 881 2560 novicia
913 2508 1143 2558 manu
1176 2483 1482 2558 suffecta
1518 2482 1628 2581 (b).

802 2616 1101 2689 Genera
1159 2623 1554 2711 postquam
1619 2614 2125 2688 distribuimus
2142 2668 2162 2703 ,
2250 2614 2401 2689 iam
2469 2616 2561 2690 de
2629 2613 2863 2689 indole

594 2770 847 2821 eorum
896 2753 973 2818 et
1021 2743 1451 2817 auctoritate
1497 2743 1606 2816 ita
1654 2768 2107 2838 exponemus
2124 2799 2147 2831 ,
2198 2753 2285 2817 ut
2330 2745 2532 2839 prius
2583 2742 2866 2840 singula

594 2872 1048 2970 exemplaria
1081 2898 1269 2968 quae
1306 2872 1445 2945 sibi
1479 2872 1773 2968 propria
1805 2874 2130 2947 habeant
2164 2873 2597 2949 indicemus.

800 3004 971 3089 AB,
1010 3026 1194 3097 quos
1230 3001 1679 3075 coniunctim
1721 3000 2016 3096 appello
2035 3057 2053 3088 ,
2106 3001 2382 3097 quippe
2432 3011 2639 3078 tanta
2683 3001 2865 3079 inter

593 3159 670 3207 se
707 3130 1184 3205 similitudine
1217 3140 1305 3204 ut
1327 3128 1480 3204 fere
1506 3130 1726 3202 unius
1760 3131 1990 3203 instar
2024 3131 2193 3219 sint,
2221 3156 2358 3205 nec
2385 3140 2632 3207 tamen
2669 3141 2866 3207 tanta

596 3272 682 3336 ut
743 3261 931 3336 alter
991 3287 1084 3335 ex
1147 3259 1374 3334 altero
1437 3259 1844 3355 descriptus
1909 3258 2274 3335 videatur:
2349 3262 2431 3335 hi
2482 3261 2714 3358 igitur
2759 3261 2862 3335 uti

596 3390 1070 3470 vetustissimi
1105 3400 1280 3463 sunt
1314 3389 1668 3477 omnium,
1718 3389 1826 3462 ita
1872 3398 1984 3462 est
2026 3389 2157 3463 ubi
2207 3400 2497 3484 praeter
2539 3390 2652 3464 Gd
2679 3400 2863 3465 oete-

594 3545 859 3617 rosque
892 3519 1392 3615 integritatem
1444 3517 1789 3591 orationis
1841 3527 2214 3613 praestent
2260 3519 2422 3595 soli.
2512 3521 2719 3597 ouius
2765 3519 2862 3593 rei

594 3652 779 3724 haec
815 3650 1086 3722 habeto
1123 3647 1485 3744 exempla.
1557 3650 1630 3722 A
1666 3648 1809 3721 110
1849 3652 1982 3718 τῶν
2020 3647 2367 3749 βουκόλων
2403 3656 2561 3723 τῶν.
2640 3647 2694 3722 Γ
2729 3649 2860 3723 110

598 3780 708 3880 δή,
766 3780 960 3875 quod
1010 3778 1208 3853 idem
1258 3802 1390 3872 pro
1438 3778 1544 3850 δεῖ
1571 3776 1993 3872 requirebat
2023 3777 2340 3851 Bekker.
2423 3774 2478 3851 Δ
2525 3779 2664 3853 103
2703 3778 2858 3851 ἐπα-

595 3906 974 4007 ναχθὲντες,
1015 3915 1102 3980 ut
1133 3907 1595 3981 coniectabat
1629 3907 1948 4005 Lhardy.
2044 3902 2103 3981 E
2150 3907 2283 3979 111
2329 3905 2523 4003 γένος
2560 3904 2682 4001 μὲν
2722 3901 2861 4002 Κὰρ

594 4033 679 4108 τὰ
732 4034 839 4116 δὲ,
922 4037 1065 4109 119
1119 4033 1547 4135 Λάβραυνδα.
1676 4032 1739 4107 Η
1790 4037 1886 4110 60
1952 4037 2332 4135 συνήγαγόν
2393 4058 2488 4108 τε.
2618 4032 2669 4107 Θ
2729 4034 2859 4109 137

597 4162 856 4263 ὀπτῳη.
949 4160 977 4236 Ι
1015 4166 1113 4239 66
1153 4162 1708 4263 κατηρτημένως.
1796 4188 1983 4260 quae
2034 4189 2210 4241 sane
2247 4188 2385 4238 nec
2428 4162 2667 4241 multa
2700 4172 2862 4237 sunt

594 4317 901 4371 numero
951 4319 1089 4369 neo
1135 4293 1297 4368 aliis
1359 4316 1548 4389 quae
1608 4294 1822 4369 omisi
1879 4318 2326 4390 magnopere
2390 4295 2856 4390 adaugentur.

594 4449 732 4498 nec
781 4448 951 4498 vero
1001 4423 1082 4499 in
1131 4425 1275 4497 hoc
1323 4423 1621 4519 propria
1666 4448 1919 4498 eorum
1964 4424 2190 4499 virtus
2239 4423 2694 4509 continetur,
2747 4421 2861 4498 sed

598 4555 795 4649 quod
843 4552 977 4629 uni
1025 4577 1121 4627 ex
1179 4552 1518 4629 omnibus
1580 4552 2188 4648 interpolatorum
2252 4553 2660 4629 temeritate
2721 4551 2859 4628 fere
