3059 5125
273 393 304 420 a
1130 358 1334 420 -Ἰ
1423 395 1504 406 -
2328 361 2453 422 409

171 529 518 630 ἀληθείην
568 538 699 605 τῶν
750 529 1030 630 ἀγώνων
1084 533 1327 624 εἰπεῖν,
1377 532 1579 614 αὐτός
1626 559 1700 607 τε
1751 535 2157 606 κινδυνεύσει
2199 529 2455 606 ἀπολέ-

173 651 342 725 σθαι
389 654 500 724 καὶ
549 650 585 722 ὁ
641 642 786 746 μετ’
829 652 1037 725 αὐτοῦ
1090 656 1403 752 στρατός·
1491 652 1944 752 ἐπιθήσεσθαι
1981 653 2105 752 γάρ
2141 654 2204 725 οἱ
2237 654 2457 726 πάντα

172 771 327 844 τινὰ
365 770 543 844 οἴετο
576 770 1081 866 πυνθανόμενον
1134 772 1216 845 τὰ
1265 776 1588 871 γεγονότα
1608 797 1624 812 ·
1698 779 1905 847 ταῦτα
1947 772 2459 870 ἐκλογιζόμενος

175 889 339 964 οὔτε
387 894 559 990 πρὸς
605 892 762 973 τοὺς
809 889 1089 974 Φωκέας
1139 892 1498 993 ἐξηγόρευε
1549 890 1741 965 οὐδὲν
1779 895 1948 992 πρός
1982 918 2054 966 τε
2088 894 2246 975 τοὺς
2283 891 2456 966 Θεσ-

95 1034 132 1082 5
174 1010 434 1091 σαλοὺς
469 1009 661 1109 ἔλεγε
693 1012 876 1086 τάδε.
943 1000 1131 1114 εῗιὲγιῗι)
1171 1011 1294 1108 μὲν
1334 1011 1392 1082 ὦ
1428 1012 1664 1112 ἄνδρες
1703 1011 2057 1102 Θεσσαλοί,
2101 1016 2196 1095 ὡς
2231 1014 2454 1113 ὁρᾶτε,

173 1130 535 1227 ἐ’πεΰγομαί
593 1156 666 1204 τε
729 1134 856 1230 τὴν
909 1137 1238 1234 ταχίστην
1289 1132 1461 1205 ἐλῶν
1512 1132 1585 1214 ἐς
1637 1130 1935 1232 Θρηίκην
1984 1135 2092 1205 καὶ
2157 1133 2456 1232 σπουδὴν

173 1249 363 1347 ἔχω,
420 1251 757 1348 πεμφθεὶς
785 1293 788 1296 -
814 1252 981 1325 κατά
1032 1278 1097 1324 τι
1146 1259 1429 1353 πρῆγμα
1474 1252 1550 1325 έκ
1605 1257 1724 1324 τοῦ
1781 1252 2235 1351 στρατοπέδου
2290 1250 2460 1348 μετὰ

171 1370 428 1442 τῶνδε·
502 1368 708 1451 αὐτὸς
740 1368 814 1442 δὲ
851 1371 1000 1466 ὑμῖν
1035 1367 1422 1470 Μαρδόνιος
1472 1374 1582 1445 καὶ
1627 1372 1664 1442 ὁ
1706 1375 1986 1471 στρατὸς
2023 1373 2229 1445 αὐτοῦ
2266 1372 2459 1453 οὗτος

173 1487 349 1562 κατὰ
380 1490 595 1571 πόδας
641 1489 805 1585 ἐμεῦ
843 1490 1143 1563 ἐλαύνων
1191 1492 1642 1590 προσδόκιμός
1673 1492 1836 1565 ἐστι.
1911 1498 2142 1565 τοῦτον
2178 1494 2286 1564 καὶ
2324 1490 2455 1572 Εει-

65 1630 130 1680 ιυ
171 1610 393 1691 νίζετε
445 1611 556 1681 καὶ
609 1611 684 1683 εὖ
744 1616 1089 1692 ποιεῦντες
1143 1611 1498 1710 φαίνεσθε·
1590 1611 1673 1684 ού
1720 1613 1847 1711 γὰρ
1900 1611 2052 1706 ὑμῖν
2096 1611 2167 1694 ές
2210 1615 2454 1711 χρόνον

170 1733 393 1801 ταῦτα
467 1734 730 1804 ποιεῦσι
813 1717 1324 1830 μεταμελήσει.”
1439 1736 1650 1805 ταῦτα
1724 1728 1798 1805 δὲ
1857 1735 2049 1812 εἴπας
2110 1730 2458 1832 ἀπήλαυνε

171 1850 447 1949 σπουδῇ
503 1853 624 1949 τὴν
683 1852 997 1950 στρατιὴν
1051 1846 1159 1923 διὰ
1196 1849 1576 1949 Θεσσαλίης
1623 1877 1695 1924 τε
1731 1854 1839 1926 καὶ
1880 1848 2310 1950 Μακεδονίης
2347 1850 2456 1922 ι’θὺ

167 1976 305 2067 τῆς
355 1967 693 2068 Θρηίκης,
752 1973 846 2051 ὡς
901 1968 1220 2070 ἀληθέως
1269 1969 1701 2068 ἐπειγόμενος
1752 1975 1860 2044 καὶ
1912 1975 2035 2071 τὴν
2089 1974 2453 2067 μεσόγαιαν

77 2115 94 2130 ·
167 2087 453 2184 τάμνων
502 2097 626 2189 τῆς
677 2090 856 2162 ὁδοῦ.
954 2090 1062 2162 καὶ
1111 2086 1493 2163 ἀπικνέεται
1528 2091 1601 2172 ἐς
1636 2089 2029 2180 Βυζάντιον,
2069 2090 2454 2163 καταλιπὼν

68 2232 128 2282 15
167 2213 300 2281 τοῦ
338 2211 629 2306 στρατοῦ
665 2214 784 2280 τοῦ
820 2207 1075 2281 ἑωυτοῦ
1126 2211 1410 2308 συχνοὺς
1446 2209 1576 2282 ὑπὸ
1615 2209 1922 2311 Θρηίκων
1961 2211 2459 2291 κατακοπέντας

171 2319 324 2401 κατ’
384 2327 540 2400 ὁδὸν
591 2331 702 2401 καὶ
745 2328 927 2427 λιμῷ
988 2328 1353 2410 συστάντας
1396 2332 1505 2401 καὶ
1559 2330 1879 2429 καμάτῳ·
1968 2331 2041 2403 ἐκ
2080 2328 2457 2412 Βυζαντίου

168 2447 248 2522 δὲ
286 2448 486 2550 διέβη
524 2447 834 2523 πλοίοισι.
892 2448 1092 2531 αὐτὸς
1131 2450 1252 2544 μὲν
1283 2447 1459 2521 οὕτω
1488 2447 1908 2549 ἀπενόστησε
1937 2450 2008 2531 ἐς
2040 2452 2165 2548 τὴν
2195 2441 2452 2548 Ἀσίην.

332 2566 476 2668 Τῆς
525 2567 602 2640 δὲ
632 2569 863 2670 ,αὐτῆς
913 2570 1182 2670 ἡμέρης
1231 2579 1355 2670 τῆς
1388 2596 1514 2669 περ
1566 2571 1635 2643 έν
1688 2571 2066 2671 Πλαταιῇσι
2101 2574 2176 2643 τὸ
2212 2579 2454 2670 τρῶμα
2491 2578 2574 2639 90

167 2689 480 2788 ἐγένετο,
536 2691 944 2788 συνεκύρησε
996 2690 1313 2788 γενέσθαι
1369 2694 1480 2763 καὶ
1528 2690 1599 2763 ἐν
1640 2686 1931 2790 Μυκάλῃ
1990 2700 2113 2791 τῆς
2157 2682 2450 2790 Ἰωνίης.

67 2830 130 2880 ²⁰
167 2810 324 2883 ἐπεὶ
377 2805 503 2906 γὰρ
558 2808 644 2908 δὴ
698 2808 769 2881 ἐν
824 2811 911 2909 τῇ
964 2807 1172 2909 Δήλῳ
1218 2810 1499 2883 κατέατο
1550 2813 1613 2882 οἱ
1647 2798 1993 2910 αΕλληνες
2051 2814 2113 2882 οἱ
2165 2810 2235 2883 ἐν
2299 2813 2458 2910 τῇσι

167 2931 378 3027 νηυσὶ
425 2927 570 3023 ἅμα
617 2927 996 3028 Λευτυχίδῃ
1048 2933 1149 3028 τῷ
1185 2927 1698 3027 Λακεδαιμονίῳ
1752 2927 2180 3025 ἀπικόμενοι,
2236 2930 2454 3030 ἦλθόν

169 3075 297 3145 σφι
347 3047 622 3144 ἄγγελοι
677 3045 810 3121 ἀπὸ
847 3049 1080 3143 Σάμου
1119 3047 1428 3144 Λάμπων
1480 3075 1554 3121 τε
1601 3047 2026 3148 Θρασυκλέος
2079 3053 2189 3121 καὶ
2226 3036 2456 3147 Ἀθη·-

167 3170 479 3267 ναγόρης
519 3160 1107 3267 Ἀρχεστρατίδεω
1179 3172 1286 3242 καὶ
1329 3156 1877 3269 Ἡγησίστρατος
1924 3162 2455 3268 Ἀρισταγόρεω,

493 3407 606 3476 περὶ
637 3413 739 3460 τῶν
775 3404 837 3459 ἐκ
873 3404 1054 3475 Σάμου
1080 3405 1334 3461 ἐλθόντων
1371 3406 1599 3479 ἀγγέλων
1623 3407 1711 3462 καὶ
1728 3405 2135 3480 Ἡγησιστράτου
2160 3410 2284 3481 πρὸς
2309 3358 2481 3464 Aeon--

386 3474 598 3547 τυχίδην
621 3476 708 3530 καὶ
730 3476 815 3529 τὸν
841 3476 1074 3530 ναυτικὸν
1097 3484 1198 3529 τῶν
1216 3474 1486 3548 Ἑλλήνων
1512 3476 1567 3531 ἐν
1593 3472 1751 3548 Δήλῳ

287 3738 332 3787 1.
377 3733 444 3786 ἀλ
485 3733 639 3804 θηῖην
662 3752 690 3785 z
735 3736 758 3801 ΙΙ
814 3734 951 3787 εἶπαι
976 3753 1003 3786 z
1060 3738 1084 3800 ΙΙ
1144 3738 1190 3787 2.
1235 3733 1383 3788 αὐτὸν
1409 3736 1438 3789 b
1496 3736 1518 3799 ΙΙ
1577 3738 1625 3787 3.
1666 3733 1800 3788 οἴετο
1828 3736 1942 3789 Rz:
1981 3738 2129 3788 ὠίετο
2155 3735 2284 3799 ΑΒ,
2313 3735 2460 3790 ὠΐετο

177 3808 236 3867 0,
267 3806 422 3858 ὥιετο
497 3844 511 3865 ,
541 3804 669 3855 ὤετο
696 3805 727 3858 b
772 3806 794 3869 ΙΙ
841 3806 890 3859 4.
930 3804 1050 3863 τοὺς
1076 3822 1182 3857 om.
1214 3806 1244 3857 b
1303 3806 1326 3869 ΙΙ
1387 3804 1647 3874 ἐξαγόρευε
1680 3804 1761 3857 Cb
1818 3806 1841 3869 11
1901 3804 2066 3864 οὐδεὶς
2094 3806 2143 3858 0
2194 3808 2217 3869 ΙΙ
2275 3807 2322 3857 6.
2365 3807 2459 3873 τὴν

169 3874 422 3946 ταχίστην
472 3871 694 3941 scripsi:
731 3873 863 3925 κατὰ
909 3873 1152 3944 ταχίστην
1191 3873 1316 3935 AB,
1361 3873 1492 3926 κατὰ
1523 3874 1672 3945 ταχίσ
1740 3872 1759 3924 ἱ
1795 3873 1877 3934 Β,
1930 3873 2178 3945 καταταχί
2346 3874 2456 3937 01¹,

171 3942 308 3997 ²²²³
331 3944 431 4011 τῇ
466 3942 808 4063 ταῖὶστηέἓῖ·
875 3960 976 4062 ¹¹3⁰
1005 3943 1432 4065 33233¹¹312²²ss⁰¹
1460 3943 1624 4077 W?
1645 3945 1684 4064 ἓ
1714 3941 1937 4064 εέὼέηἳ’
1970 3941 2208 4064 ῗιλθῑᾞῗ
2255 4029 2282 4063 2
2305 3942 2460 4065 ⁸⁹⁴²ssss

171 4015 435 4150 ὶᾞυιεέέτ
453 4010 733 4146 ἷῖρέἔῖὶύω.
764 4014 844 4149 qzn
858 4082 881 4147 11
933 4051 1013 4132 1⁸0.
1052 4081 1140 4133 καὶ
1176 4052 1368 4135 οπο-Ὀ
1406 4082 1429 4147 ΙΙ
1477 4030 1736 4141 ποιοῦντες
1763 4081 1791 4134 b
1838 4082 1862 4147 ΙΙ
1913 4051 1992 4134 il.
2035 4031 2401 4134 &aglauve’Rffi
2441 4080 2463 4149 ΙΙ

177 4187 259 4236 12.
305 4182 506 4251 σπουδὴ
534 4184 565 4237 b
610 4186 634 4248 ΙΙ
685 4185 766 4236 13.
807 4184 840 4237 θ
873 4183 1009 4254 ήκης
1035 4183 1088 4235 R
1139 4186 1161 4248 n
1225 4184 1468 4255 μεσόγεαν
1495 4183 1551 4235 R
1595 4187 1618 4249 ΙΙ
1670 4185 1750 4235 14.
1790 4184 1876 4238 καὶ
1902 4202 2012 4237 om.
2040 4184 2071 4237 b
2116 4187 2139 4248 ΙΙ
2199 4166 2460 4253 βυζάντῖδν

174 4255 231 4308 R
282 4255 306 4318 ΙΙ
371 4255 454 4305 15.
497 4254 726 4323 θρηικῶν
752 4202 876 4315 2115,
909 4252 1117 4322 θρηκῶν
1141 4252 1198 4304 R
1253 4256 1275 4318 ΙΙ
1329 4271 1383 4304 τε
1406 4254 1786 4311 κατακοπέντας
1814 4254 1898 4306 Rz
1954 4256 1976 4318 ΙΙ
2046 4253 2124 4304 16.
2168 4252 2458 4322 βυζαντείου

176 4324 232 4376 R
297 4325 321 4386 ΙΙ
387 4323 469 4373 17.
510 4320 676 4387 αὐτὸς]
705 4320 867 4379 οὕτως
899 4321 983 4383 R,
1027 4321 1175 4379 οὗτος
1203 4337 1262 4374 ευ
1332 4324 1354 4387 n
1430 4324 1508 4374 18.
1552 4321 1844 4391 πλαταίηισι
1867 4322 2000 4385 ΑΒ,
2043 4320 2315 4391 πλαταίησι
2339 4324 2396 4377 R
2442 4323 2464 4391 ΙΙ

180 4393 262 4443 19.
305 4390 617 4460 συνεκήρυσε
642 4408 668 4441 z
725 4393 747 4455 ΙΙ
806 4394 889 4441 20.
931 4390 1108 4459 ἐπειδὴ
1135 4390 1199 4460 γὰ
1257 4390 1388 4444 ΡΒε
1443 4392 1466 4453 ΙΙ
1516 4390 1741 4444 καθέατο
1766 4391 1842 4453 R,
1873 4391 2115 4445 ἐκατέατο
2138 4407 2165 4441 z
2211 4393 2234 4455 ΙΙ
2281 4392 2363 4442 22.
2404 4411 2459 4443 τε

177 4461 204 4512 ὁ
229 4460 290 4512 R
336 4462 360 4524 ΙΙ
409 4458 757 4527 θρασυιλέους
781 4460 942 4523 ABb,
975 4460 1188 4531 θρασικλ
1220 4477 1306 4519 ους
1337 4459 1395 4521 0,
1426 4458 1762 4532 Θρασυκλῆος
1785 4476 1811 4511 z
1858 4464 1881 4527 ΙΙ
1940 4462 2023 4516 23.
2066 4459 2461 4534 ἀρχιστρατίδεω

177 4528 230 4580 R
278 4531 303 4594 11
350 4528 712 4600 ἀρισταγόρεωι
737 4529 791 4581 Β
