3059 5125
571 359 740 404 xxxv
1560 336 1850 391 Praefatio.

575 516 900 611 aliquam
939 517 1033 587 ob
1069 537 1364 586 causam
1414 513 1878 588 emendabile
1928 514 2320 587 iudicaret:
2387 516 2623 587 omnis
2660 515 2852 587 haec

575 670 763 742 quae
800 646 880 717 in
922 645 988 717 Ο
1019 653 1327 739 apparet
1363 643 1723 743 διόρθωσις
1770 668 1813 716 e
1860 668 2129 739 genere
2180 642 2652 717 coniecturali
2708 653 2847 716 est.

575 800 721 871 quo
767 800 931 848 eam
984 773 1115 869 qui
1163 773 1492 846 instituit
1542 771 1830 846 saeculo
1880 773 2176 860 vixerit,
2234 797 2385 845 non
2434 774 2667 868 magis
2717 798 2852 847 ex-

575 904 845 1000 plorari
870 912 1139 998 potest,
1170 927 1391 1000 quam
1428 903 1705 998 quibus
1739 903 1898 977 eius
1934 913 2347 976 commenta
2382 903 2522 976 viis
2559 927 2645 975 ac
2680 910 2851 976 tan-

574 1059 795 1131 quam
847 1031 1108 1106 rivulis
1158 1033 1239 1106 in
1293 1033 1581 1105 diversa
1633 1030 2086 1127 exemplaria
2128 1040 2535 1128 propagata
2596 1042 2676 1105 et
2739 1032 2852 1104 di-

572 1188 819 1258 spersa
867 1163 1035 1235 sint.
1112 1170 1372 1235 extant
1418 1169 1665 1234 autem
1713 1186 1864 1234 non
1901 1163 1983 1234 in
2018 1186 2168 1235 uno
2213 1163 2297 1249 O,
2349 1162 2477 1234 sed
2523 1160 2851 1256 plurima

571 1294 1022 1366 transierunt
1069 1291 1149 1362 in
1183 1316 1355 1364 eum
1388 1287 1665 1364 librum
1716 1316 1761 1363 a
1795 1315 1941 1385 qno
1980 1291 2060 1365 P
2088 1292 2441 1364 deductus
2494 1299 2628 1377 est,
2681 1316 2853 1386 per-

571 1420 806 1494 multa
839 1421 1064 1494 etiam
1101 1422 1180 1492 in
1219 1420 1516 1493 tertium
1556 1422 1925 1515 quendam
1965 1418 2118 1518 (Θ),
2176 1422 2373 1494 unde
2410 1420 2568 1493 eius
2622 1445 2848 1515 quem

571 1551 884 1624 dicimus
900 1548 952 1622 d
971 1552 1206 1621 maior
1229 1574 1420 1643 pars,
1437 1550 1511 1621 h.
1529 1573 1592 1622 e.
1614 1550 1789 1622 inde
1817 1548 1936 1622 aB
1965 1549 2131 1635 134,
2150 1549 2479 1623 defluxit:
2513 1558 2596 1623 ut
2619 1552 2849 1623 trium

570 1680 834 1752 horum
851 1680 1184 1753 codicum
1201 1703 1388 1774 quae
1413 1701 1613 1752 nunc
1636 1678 1891 1752 multis
1909 1676 2089 1750 locis
2107 1688 2411 1774 apparet
2427 1682 2849 1752 communio

571 1834 721 1882 non
759 1810 1008 1905 stirpis
1049 1810 1147 1882 sit
1183 1833 1426 1905 neque
1455 1833 1779 1882 errorum
1811 1811 1937 1880 sed
1965 1807 2556 1903 interpolationis
2584 1817 2660 1881 et
2690 1835 2853 1882 cor-

569 1940 999 2012 rectionum.
1067 1941 1157 2011 de
1185 1940 1468 2035 origine
1497 1947 1744 2011 autem
1779 1939 1921 2010 hoc
1954 1938 2144 2010 mihi
2179 1939 2538 2032 dispicere
2566 1938 2849 2025 videor,

570 2094 873 2141 manum
925 2065 1404 2142 διασκευαστοΰ
1467 2068 1548 2141 in
1600 2091 1687 2142 eo
1738 2069 1898 2163 ipso
1947 2065 2140 2141 libro
2189 2066 2633 2163 expoliendo
2684 2093 2850 2142 ver-

569 2208 802 2272 satam
837 2222 1020 2284 esse,
1073 2198 1164 2269 ad
1200 2198 1410 2269 cuius
1453 2194 1877 2292 exemplum
1929 2205 2184 2292 postea
2223 2198 2291 2270 0
2336 2198 2653 2292 scriptus
2698 2207 2848 2272 est:

570 2330 653 2403 in
689 2352 836 2425 quo
872 2352 1040 2401 cum
1076 2323 1397 2422 plurima
1444 2328 1552 2400 ita
1585 2327 1928 2422 legantur
1978 2327 2196 2402 sicuti
2242 2327 2322 2399 in
2358 2326 2492 2400 illo
2527 2338 2851 2401 correcta

570 2468 803 2545 erant,
854 2467 1030 2531 sunt
1063 2466 1311 2530 tamen
1349 2459 1441 2528 ad
1477 2481 1667 2552 quae
1704 2482 1874 2530 cum
1905 2455 2248 2529 librarius
2288 2456 2484 2530 inter
2521 2457 2849 2531 scriben-

570 2592 747 2662 dum
797 2612 948 2661 non
999 2587 1432 2660 advertisset
1477 2585 1763 2686 γραφάς,
1814 2588 1895 2658 in
1944 2586 2404 2682 marginibus
2457 2588 2723 2681 opinor
2777 2597 2851 2662 et

569 2719 767 2793 inter
810 2741 1085 2805 versus,
1137 2715 1562 2812 adscriptas,
1618 2718 2001 2809 postmodo
2049 2715 2351 2810 repetiit
2397 2740 2621 2810 supra
2669 2718 2849 2790 scri-

567 2893 829 2966 bendo.
913 2886 974 2962 A
1013 2889 1162 2963 209
1201 2861 1538 2989 ἐξῆγὲρθη
1577 2890 1661 2975 Ο,
1700 2885 2017 2987 ἐξεγέρθη
2063 2888 2155 2960 P.
2225 2886 2290 2958 Β
2328 2887 2468 2961 113
2508 2836 2588 2959 ’ἷῖ
2621 2883 2845 2988 ἀπαρ-

569 3074 703 3167 χῆς
735 3065 819 3150 ο,
847 3070 973 3135 τῶι
998 3048 1118 3134 ἀπ’·
1142 3058 1363 3162 ἀρχῆς
1382 3061 1473 3133 Ρ.
1522 3061 1665 3134 123
1695 3022 1966 3132 πετέωά
1987 3060 2069 3142 c,
2100 3060 2329 3158 πτηνά
2354 3060 2445 3132 Ρ.
2487 3061 2683 3134 idem
2711 3060 2848 3132 ho-

569 3219 690 3268 mo
720 3193 1094 3288 operarius
1120 3216 1289 3265 cum
1313 3189 1597 3265 alicubi
1624 3190 1705 3263 in
1727 3187 1918 3262 libro
1944 3188 2073 3262 illo
2098 3189 2451 3284 scriptum
2478 3190 2848 3263 inveniret

569 3328 856 3465 ἐφοίτῶν
918 3328 1115 3464 ὥρεων
1182 3324 1589 3463 ἐπεῗρώτῗυν,
1659 3358 1851 3433 male
1902 3360 2220 3456 diligens
2271 3359 2452 3453 talia
2507 3363 2849 3457 procudit

568 3504 925 3567 monstra:
982 3491 1304 3590 ἐφοίτεων
1345 3491 1443 3587 (A
1482 3491 1604 3564 96.
1660 3487 1713 3561 Δ
1758 3491 1820 3562 1.
1875 3491 1914 3561 Ι
1953 3488 2099 3585 49),
2151 3490 2383 3589 ὥρεων
2437 3487 2515 3586 (Δ
2554 3492 2624 3565 3.
2674 3493 2840 3566 134.

571 3621 629 3696 E
667 3624 788 3698 29.
833 3622 991 3717 91),
1057 3618 1465 3720 ἐπηρώτεων
1528 3615 1613 3715 (Ε
1662 3619 1809 3715 82).
1927 3619 2108 3691 hinc
2168 3617 2390 3693 simul
2452 3622 2845 3715 expeditur

570 3754 765 3849 quod
800 3752 1001 3823 haud
1036 3774 1273 3845 pauca
1308 3749 1386 3821 in
1434 3749 1513 3822 P
1541 3748 1660 3822 vel
1696 3750 1777 3821 in
1819 3747 1942 3822 Pd
1972 3774 2066 3823 ex
2103 3749 2359 3822 eodem
2390 3746 2598 3823 fonte
2649 3751 2843 3825 deri-

567 3892 736 3956 vata
769 3881 1119 3977 leguntur
1155 3903 1344 3975 quae
1380 3880 1463 3951 in
1506 3878 1573 3950 G
1602 3902 1753 3950 non
1789 3885 1982 3950 sunt.
2075 3901 2248 3949 nam
2300 3881 2495 3973 quod
2549 3904 2679 3975 per
2728 3879 2845 3952 ul—

566 4013 782 4084 timos
818 4008 1044 4082 libros
1079 4009 1315 4103 magis
1351 4008 1731 4104 magisque
1766 4008 2070 4080 rarescit
2118 4009 2557 4094 emendati0‚
2612 4010 2841 4103 ipsius

566 4142 697 4238 qui
741 4139 1070 4214 instituit
1113 4140 1325 4210 ardor
1372 4138 1665 4211 videtur
1712 4134 2105 4211 refrixisse.
2199 4161 2419 4232 quem
2464 4138 2841 4213 hominem

563 4269 788 4344 fuisse
816 4269 1373 4366 grammaticum
1401 4291 1553 4340 non
1581 4268 2007 4363 imperitum
2034 4275 2110 4340 et
2136 4276 2428 4362 praeter
2452 4267 2687 4341 multa
2715 4276 2842 4341 aut

563 4400 868 4474 inutilia
905 4407 1034 4471 aut
1069 4396 1256 4471 falsa
1292 4396 1653 4472 nonnulla
1688 4406 1934 4471 tamen
1970 4404 2167 4470 recte
2205 4405 2334 4470 aut
2361 4396 2839 4493 probabiliter

564 4531 1132 4617 administrasse,
1183 4530 1297 4603 uti
1347 4528 1548 4600 haud
1601 4551 1812 4625 aegre
1863 4528 2267 4603 concedent
2317 4529 2447 4623 qui
2493 4526 2835 4623 exempla
