3059 5125
1115 338 1404 396 Praefatio.
2192 357 2411 406 Lxxm

132 511 418 607 qualem
455 537 630 584 cum
662 511 814 586 AB
849 515 1166 588 servavit
1199 511 1348 587 fere
1383 514 1461 586 R
1479 569 1497 601 ‚
1554 523 1682 587 aut
1726 513 2025 585 omnino
2075 537 2227 586 non
2263 514 2410 585 dis-

135 638 429 715 solvunt
478 641 1034 718 terminationes
1086 651 1216 715 aut
1263 667 1465 716 raro:
1537 641 1830 718 solvunt
1884 650 2132 722 autem
2148 697 2168 730 ‚
2221 664 2411 733 quae

134 774 348 844 modo
383 769 709 858 solvunt,
747 795 894 845 non
933 773 1013 846 in
1048 797 1144 844 εω
1182 773 1396 868 (quae
1421 770 1569 850 fuit
1601 772 1667 846 Ο
1687 772 2107 850 coriectoris
2134 769 2410 866 opinio)

136 925 390 974 verum
441 900 522 973 in
573 926 683 984 εο,
739 910 1026 997 praeter
1075 926 1310 976 uuum
1359 901 1695 1000 χρὲωμαι.
1786 926 1925 976 nec
1972 925 2106 976 nos
2154 898 2415 974 dissol-

135 1030 375 1106 vimus
427 1029 577 1104 nisi
621 1054 931 1125 quorum
975 1056 1320 1126 expressa
1362 1039 1703 1106 extarent
1749 1031 2058 1127 vestigia
2106 1027 2415 1106 dissolu-

133 1159 380 1246 tionis,
435 1160 530 1231 ad
574 1183 762 1254 quae
809 1158 1094 1255 reliqua
1128 1160 1332 1236 verbi
1379 1162 1737 1256 cuiusque
1773 1157 2112 1236 formatio
2149 1161 2415 1254 proba-

132 1287 381 1362 biliter
432 1289 728 1364 institui
776 1298 1042 1383 posset.
1169 1311 1341 1385 ergo
1392 1298 1524 1362 aut
1570 1290 2011 1370 retinuimus
2065 1286 2415 1364 dissoluta

134 1427 255 1492 aut
289 1416 760 1494 dissolvimus
797 1419 945 1513 ipsi
988 1420 1270 1519 εἰρωτᾶν
1312 1421 1521 1513 κομᾶν
1563 1418 2002 1516 μηχανᾶσθαι
2038 1418 2198 1518 ὁρᾶν
2252 1416 2415 1513 (nec

135 1571 297 1619 vero
349 1544 866 1641 imperfectum
918 1549 1116 1646 ὥρων
1163 1549 1246 1624 in
1296 1572 1585 1630 summa
1629 1545 2045 1643 frequentia
2104 1570 2189 1618 ac
2238 1571 2415 1620 con-

135 1677 406 1748 stantia
448 1676 907 1772 scripturae),
961 1676 1392 1770 σταθμᾶσθαι
1428 1676 1682 1772 τσλμᾶν
1723 1680 1958 1775 φοιτᾶν
1979 1734 1994 1758 ,
2046 1701 2182 1748 nec
2231 1677 2416 1748 haec

139 1829 373 1899 pauca
408 1806 570 1900 pari
609 1806 860 1882 omnia
896 1807 1362 1886 confidentia.

335 1934 409 2005 N
411 1959 510 2006 on
580 1935 1054 2016 exhausimus
1123 1935 1365 2018 adhuc
1447 1931 1937 2029 multiplicem
1970 2023 1975 2026 ,
2010 1932 2414 2009 anomaliae

138 2064 539 2154 materiam,
576 2088 714 2144 nec
749 2064 1192 2159 attingemus
1228 2065 1310 2135 in
1346 2065 1764 2159 praesentia
1804 2064 1950 2136 nisi
1985 2064 2219 2162 digito
2254 2089 2414 2137 ver-

135 2194 392 2268 borum
427 2194 509 2268 in
550 2219 626 2287 μι
674 2192 1076 2287 ancipitem
1124 2192 1544 2278 flexionem,
1598 2190 1800 2274 velut
1838 2189 2059 2290 ἵστησι
2098 2234 2197 2246 -
2235 2194 2407 2291 ἱστᾷ,

139 2317 285 2419 ἵστη
325 2363 425 2374 --
466 2317 637 2406 ἵστα,
692 2330 824 2402 aut
871 2323 1255 2402 nominum
1305 2322 1587 2417 primae
1631 2321 2147 2398 declinationis
2183 2322 2264 2402 in
2298 2345 2405 2419 ης,

139 2460 420 2543 praeter
480 2452 628 2526 duo
691 2449 1141 2548 appellativa
1201 2448 1556 2550 (ἀκινάκης
1617 2450 2006 2548 δεσπότης),
2080 2452 2416 2545 proprio-

136 2604 302 2655 rum
368 2581 821 2656 accusativos
882 2583 1077 2665 inter
1139 2606 1219 2659 sa
1281 2589 1359 2655 et
1417 2606 1505 2679 ην
1571 2581 2015 2661 fluctuantes
2078 2581 2408 2675 (ssredov,

141 2733 207 2803 p.
248 2710 400 2787 223
454 2710 679 2806 sqq),
752 2735 933 2805 quos
987 2734 1310 2806 nequeas
1360 2712 1506 2793 nisi
1557 2712 1633 2783 vi
1684 2713 2000 2805 quadam
2057 2718 2417 2805 perpetua

137 2862 544 2934 exaequare
563 2895 584 2926 ,
670 2841 1098 2935 praesertim
1168 2865 1336 2917 cum
1406 2838 1686 2913 librarii
1707 2897 1722 2924 ,
1812 2864 2126 2936 quorum
2196 2837 2415 2934 culpa

138 2968 468 3055 iactatur,
517 2971 602 3047 in
637 2970 856 3045 tertia
889 2968 1382 3053 declinatione
1426 2994 1577 3047 non
1615 2970 2120 3051 abemvennt
2168 2967 2321 3045 fere
2370 2993 2414 3040 a

139 3099 651 3175 terminatione
688 3124 803 3177 aa:
879 3108 1008 3175 aut
1042 3100 1426 3181 nominum
1477 3101 1559 3182 in
1605 3125 1665 3181 ις
1712 3100 2210 3181 accusativum
2245 3096 2412 3194 plu-

139 3227 362 3303 ralem
398 3239 558 3305 tum
595 3229 679 3301 in
717 3255 776 3313 ις
808 3237 970 3305 tum
1004 3228 1086 3303 in
1126 3253 1230 3310 ιας
1261 3230 1584 3316 finitum,
1623 3227 1913 3324 aliaque
1940 3230 2098 3309 eius
2125 3229 2413 3324 generis

140 3380 290 3430 non
324 3359 814 3453 permittenda
846 3359 1073 3433 nimio
1108 3356 1488 3455 analogiae
1524 3359 1791 3433 studio.

342 3488 530 3561 Sunt
567 3495 858 3581 praeter
905 3485 1039 3559 illa
1086 3490 1312 3569 etiam
1363 3489 1445 3571 in
1495 3490 1764 3583 quibus
1814 3512 1964 3567 non
2015 3489 2322 3583 scriptor
2370 3510 2415 3565 a

141 3638 274 3693 sua
322 3617 849 3695 consuetudine
868 3671 886 3703 ‚
937 3618 1065 3693 sed
1114 3617 1277 3715 ipsa
1326 3615 1684 3699 dialectus
1733 3643 1779 3689 a
1826 3640 1960 3691 sua
2014 3628 2282 3695 natura
2328 3642 2413 3693 ac

141 3741 303 3840 lege
359 3747 746 3827 descivisse
810 3747 1146 3829 videatur
1164 3801 1183 3833 ‚
1246 3754 1332 3819 ut
1392 3754 1643 3825 tamen
1702 3749 1783 3830 in
1834 3748 1998 3842 ipsa
2046 3746 2414 3830 anomalia

145 3876 544 3947 communis
580 3876 942 3969 quaedam
986 3899 1204 3947 causa
1252 3884 1605 3970 appareat
1653 3878 2052 3971 repetenda
2086 3874 2215 3948 illa
2251 3876 2413 3972 qui-

144 4003 333 4090 dem,
366 4004 444 4077 ni
477 4002 673 4076 fallit
707 4004 982 4099 opinio,
1011 4030 1056 4075 a
1081 4003 1157 4077 vi
1191 4014 1268 4078 et
1299 4005 1583 4079 ratione
1621 4014 1988 4092 accentu8‚
2024 4014 2246 4100 atque
2282 4029 2413 4101 per

147 4154 432 4206 omnem
466 4157 875 4207 sermonem
901 4157 1245 4228 graecum
1279 4158 1430 4207 non
1465 4136 1791 4208 obscuris
1826 4134 2116 4206 indiciis
2151 4135 2415 4207 diffusa

150 4260 318 4353 (vid.
354 4262 651 4339 Lobeck
685 4263 993 4341 rhemat.
1036 4288 1109 4358 p.
1149 4263 1315 4336 143.
1355 4264 1522 4337 148.
1578 4262 1933 4341 Meineke
1970 4265 2064 4339 ad
2100 4264 2407 4339 Theocr.

148 4388 227 4460 11
266 4390 339 4477 3,
371 4401 444 4465 et
476 4393 568 4466 de
600 4389 854 4465 latinis
881 4393 1314 4465 Lachmann
1341 4395 1432 4469 ad
1459 4394 1753 4466 Lucret.
1784 4419 1858 4488 p.
1883 4392 2028 4488 36).
2099 4414 2145 4462 a
2177 4395 2415 4477 νοῦσος

150 4520 439 4594 nomine
508 4524 870 4599 mirantur
936 4524 1378 4616 productum
1447 4521 1668 4599 νοσέω
1740 4524 2045 4597 verbum
2117 4530 2413 4613 tamque
