3059 5125
2330 339 2451 403 471

307 509 528 597 Ipsam
549 510 782 580 harum
804 511 1163 576 dictionum
1186 510 1822 596 explicationumque
1844 510 2178 575 materiam
2205 510 2461 575 tametsi

167 626 248 688 in
293 624 430 690 AB
484 624 645 690 adeo
687 644 824 688 non
868 623 1189 690 diversam
1233 645 1373 688 esse
1416 623 1837 692 manifestum
1881 632 2013 700 est,
2064 632 2140 686 ut
2179 622 2460 708 plurima

170 757 402 810 earum
446 757 594 821 pars
634 734 834 821 plane
875 746 1189 820 congruat
1202 783 1223 814 ,
1272 735 1450 800 haud
1490 734 1722 799 leviter
1763 745 1984 800 tamen
2021 735 2217 804 etiam
2259 756 2458 820 prae-

167 857 276 914 ter
319 847 564 916 ordinis
607 847 1104 932 discrepantiam
1157 848 1329 912 inter
1372 869 1442 914 se
1485 847 1814 912 differunt.
1885 868 2041 911 nam
2081 848 2150 911 A
2193 845 2458 930 quidem

167 982 358 1029 nunc
400 981 661 1045 quoque
677 1008 698 1038 ,
743 969 1087 1045 postquam
1118 957 1184 1024 B
1225 959 1586 1024 Florentini
1626 981 1749 1044 ope
1794 969 1860 1024 et
1899 960 2183 1023 maxime
2210 958 2457 1026 Mona-

168 1073 391 1138 censis
450 1071 943 1157 aliquammulta
996 1070 1400 1156 recuperavit
1456 1093 1624 1156 quae
1678 1071 1954 1136 antehac
2011 1070 2277 1136 omnino
2322 1093 2456 1135 non

167 1184 487 1250 habuisse
528 1184 898 1261 videbatm,
948 1193 1015 1247 et
1056 1184 1332 1268 amplior
1372 1193 1471 1248 est
1512 1205 1784 1248 numero
1827 1183 2289 1252 vocabulorum
2332 1204 2457 1247 cx-

166 1296 588 1383 planatorum
625 1305 698 1360 et
725 1296 934 1381 ipsam
965 1295 1489 1380 explanationem
1517 1296 1717 1360 habet
1758 1294 1830 1359 in
1859 1295 2197 1361 nonnullis
2226 1296 2455 1380 copio-

168 1410 431 1475 siorem.
525 1407 762 1476 desunt
805 1407 982 1476 enim
1024 1407 1097 1471 in
1142 1407 1207 1472 B
1252 1404 1655 1495 Ἀμυρταίου.
1719 1404 1995 1474 ἐλινύειν.
2045 1407 2449 1496 ἐξηρτυμένοι.

165 1515 462 1608 ἡκούσης.
527 1515 804 1586 θόσανοι.
852 1512 1118 1608 Ὄσιρις.
1182 1515 1545 1606 πεσσόμενα.
1610 1520 2014 1607 συνηλίζοντο.
2080 1514 2450 1608 ὓβρίζοντας.

167 1628 382 1722 χυτόν.
477 1641 700 1698 contra
738 1632 807 1695 A
868 1631 1005 1696 sive
1060 1633 1265 1697 codex
1325 1631 1769 1697 Coislinianus
1826 1642 1893 1696 et
1954 1632 2094 1717 ipse
2139 1633 2457 1716 quaedam

169 1747 500 1813 desiderat
542 1747 656 1811 sed
696 1745 1034 1832 pauciora:
1101 1769 1138 1810 e
1183 1739 1429 1830 quibus*
1465 1769 1674 1811 unum
1719 1743 1887 1834 εῐρήν
1907 1797 1926 1825 ,
1989 1746 2165 1831 quod
2206 1749 2458 1833 peperit

169 1857 505 1945 egregiam
534 1858 950 1930 Valckenarii
980 1858 1496 1923 emendationem
1544 1858 1570 1924 l
1615 1865 1694 1923 85
1716 1909 1736 1938 ‚
1784 1881 1971 1923 casus
2015 1858 2283 1924 abstulit
2323 1882 2459 1924 una

170 1991 330 2037 cum
375 1971 555 2035 exitu
597 1969 841 2048 libelli,
889 1980 1194 2055 quattuor
1235 1966 1549 2057 ἐκόρησεν.
1613 1970 1872 2044 ἐπίδοξα.
1932 1967 2181 2040 sisoi-05.
2230 1970 2455 2037 σπαδί-

172 2087 280 2158 ξας
299 2132 320 2163 ,
370 2083 425 2147 si
468 2103 621 2149 vera
664 2092 821 2147 sunt
863 2091 929 2146 et
969 2083 1260 2167 genuina
1277 2130 1297 2160 ,
1357 2082 1780 2148 scribentium
1822 2083 2239 2168 neglegentia
2281 2084 2457 2148 omi-

170 2195 263 2261 sit
280 2244 300 2274 ‚
335 2196 457 2259 tria
486 2193 765 2279 denique
795 2187 985 2282 ἄβιος.
1036 2189 1443 2280 ἂκανθόπληξ.
1493 2195 1660 2282 epple
1690 2197 1772 2260 ab
1800 2195 2121 2264 Herodoti
2164 2216 2458 2266 sermone

173 2306 579 2374 alienissima
636 2305 773 2370 sive
816 2327 1002 2374 casus
1047 2307 1185 2370 sive
1230 2328 1402 2371 error
1443 2307 1577 2372 huc
1618 2308 1880 2374 devexit
1894 2358 1916 2386 ,
1975 2329 2110 2376 non
2154 2328 2339 2372 secus
2384 2329 2459 2371 ac

171 2418 598 2484 Monacensia
638 2417 754 2482 illa
769 2467 790 2497 ,
838 2439 1004 2502 quae
1045 2418 1119 2482 in
1163 2419 1579 2486 adnotatione
1635 2419 1855 2484 critica
1898 2419 2103 2484 abieci
2118 2468 2140 2498 ‚
2202 2414 2457 2485 επιστ-ά·-

172 2554 303 2600 ται.
353 2526 645 2619 λαμπρός.
697 2533 1002 2617 ζυγωτῶν.
1065 2530 1335 2618 βοιωτία.
1395 2531 1768 2619 κατέστησαν
1812 2541 1880 2596 et
1921 2526 2268 2621 ὑπερβάλοι.
2318 2529 2457 2620 εἷρ-

176 2667 309 2731 γεν.
370 2643 477 2730 βία
526 2643 845 2732 φέρουσιν,
907 2643 1222 2711 levissimi
1277 2645 1536 2729 generis
1600 2646 2176 2730 interpretamenta
2238 2655 2458 2730 aperte

176 2756 540 2843 spectantia
567 2755 650 2820 ad
682 2754 1021 2840 Sophoclis
1049 2754 1343 2821 Electrae
1372 2779 1435 2819 v.
1474 2763 1598 2821 685
1626 2793 1704 2806 —-
1735 2763 1879 2820 725.
1970 2758 2233 2841 gravius
2258 2756 2459 2842 paulo

173 2878 280 2935 est
320 2868 497 2952 quod
537 2868 610 2932 in
652 2866 722 2931 B
763 2866 1135 2952 explanatio
1188 2868 1657 2935 nonnullorum
1701 2878 2027 2934 contracta
2082 2869 2153 2932 in
2196 2869 2458 2933 brevius

175 2990 297 3046 aut
335 2980 623 3065 praecisa
652 2988 785 3057 est,
833 2979 1009 3042 utin
1039 2975 1396 3067 ἀνθερίκων.
1447 2975 1876 3067 ἆπεματάϊσεν.
1925 2979 2192 3068 ἔλυτρον.
2243 2980 2459 3066 ἐναγί-

176 3096 328 3166 ζειν.
399 3091 824 3179 ἐπιστρεφέως.
893 3087 1051 3156 κατὰ
1093 3090 1290 3156 τέλεα.
1366 3090 1568 3180 μυχοί.
1640 3085 1847 3179 ὄρθιος
1903 3089 2104 3178 νόμος.
2176 3088 2451 3180 στρόφος.

175 3203 572 3293 σχοινοτενές.
623 3203 868 3291 σχοίνου
914 3202 1251 3291 συμβολεῖς.
1347 3213 1412 3267 et
1463 3204 1537 3266 in
1594 3204 1719 3268 hoc
1772 3205 2036 3289 quidem
2091 3203 2325 3268 ultimo
2383 3226 2460 3269 ea

174 3317 324 3402 ipsa
364 3315 663 3400 neglecta
706 3324 863 3378 sunt
915 3312 1020 3379 καὶ
1064 3316 1304 3402 σχοῖνος
1347 3310 1387 3401 ἥ
1434 3314 1654 3402 ψίαθος
1711 3316 1951 3399 quibus
2006 3316 2188 3380 locus
2229 3317 2458 3380 Hero-

177 3428 318 3494 doti
363 3428 412 3492 Δ
461 3434 580 3491 190
627 3426 1051 3511 significatur.
1102 3427 1292 3491 omisi
1321 3437 1543 3493 autem
1573 3449 1739 3512 quae
1782 3427 1854 3491 in
1884 3428 2281 3493 editionibus
2309 3428 2458 3492 bre-

171 3540 358 3605 viora
382 3538 768 3623 legebantur
810 3559 1005 3622 quam
1049 3560 1229 3607 nunc
1271 3560 1308 3602 e
1358 3541 1473 3604 Om
1502 3539 1801 3607 restituta
1844 3549 2000 3603 sunt
2048 3536 2452 3627 (ἀνδρόγυνος.

173 3647 547 3739 ἐπικάρσιον.
583 3651 1057 3737 καλλιερεῖσθαι.
1091 3651 1499 3738 πολέμαρχος.
1533 3646 1753 3739 πρόκα.
1787 3649 2106 3739 πρόξενοι).
2160 3662 2352 3735 atque
2376 3674 2459 3715 ex

175 3763 296 3829 tali
339 3762 603 3847 quidem
647 3762 1079 3847 discrepantia
1134 3762 1315 3826 vides
1359 3784 1494 3826 non
1539 3784 1729 3847 posse
1783 3765 2129 3847 quicquam
2175 3763 2332 3827 certi
2375 3763 2458 3828 ad

174 3874 444 3941 alterius
488 3873 697 3940 utrius
739 3873 1176 3959 principatum
1221 3874 1540 3939 concludi.
1638 3885 1706 3939 at
1746 3874 1913 3939 illud
1957 3896 2113 3940 sane
2155 3896 2459 3960 premen-

177 3988 339 4052 dum
397 3987 574 4071 quod
625 3986 700 4049 in
758 3985 827 4049 B
868 4007 1164 4070 perverse
1219 3987 1293 4050 in
1347 4008 1555 4051 unum
1615 3986 1892 4051 conflata
1933 3997 2089 4051 sunt
2129 3988 2201 4051 in
2244 3987 2462 4074 γαυλοί

180 4121 348 4185 quae
390 4108 563 4163 recte
605 4099 674 4162 A
717 4097 789 4161 in
833 4099 963 4162 duo
1009 4098 1339 4162 distribuit
1376 4093 1620 4184 (γαυλός
1652 4097 1698 4162 Γ
1737 4105 1879 4175 136,
1927 4103 2150 4185 γαῦλος
2182 4098 2231 4164 Ζ
2284 4101 2456 4185 119),

179 4211 589 4294 similemque
654 4210 738 4274 ob
804 4230 1066 4274 causam
1128 4210 1579 4296 praetermissa
1643 4210 1922 4284 ἐπίστιος.
2001 4206 2295 4297 εὖμαρέη.
2388 4206 2460 4276 οὐ

179 4320 635 4410 καταπροΐξεται
688 4318 753 4403 (Γ
791 4323 973 4406 156):
1025 4332 1246 4386 contra
1291 4344 1456 4406 quae
1499 4324 1573 4387 in
1617 4318 1929 4387 ἆδῶλοισιν
1987 4320 2062 4406 (A
2096 4323 2226 4406 24).
2290 4317 2460 4410 ζειρά

190 4433 271 4521 (Η
304 4435 438 4519 69).
501 4430 575 4501 οὐ
627 4431 1132 4520 καταπροΐξεσθαι
1199 4432 1268 4520 (Γ
1315 4435 1447 4519 36).
1508 4435 1720 4521 πηκτίς
1772 4431 1848 4518 (Α
1899 4436 1998 4519 17)
2063 4434 2135 4498 in
2191 4434 2260 4497 A
2303 4454 2461 4507 con-
