3059 5125
617 306 742 369 262
1556 306 1976 368 -H—

618 482 726 551 καὶ
762 481 997 550 τούτου
1036 479 1103 551 έν
1141 477 1413 576 Σικελίῃ
1436 538 1454 564 ‚
1498 478 1675 550 οὕτω
1713 481 1798 578 δὴ
1838 480 1907 558 ἐς
1943 479 2294 575 Λεωνίδην
2334 478 2604 579 ἀνέβαινε
2632 483 2672 574 ἡ
2701 480 2796 578 βα·

616 599 889 697 σιληίη,
942 602 1049 669 καὶ
1086 600 1250 670 διότι
1285 605 1610 698 πρότερος
1645 599 1948 696 ἐγεγόνεε
1989 596 2465 698 Κλεομβρότου
2495 598 2680 692 (οὗτος
2703 597 2797 691 γὰρ

615 720 700 817 ἧν
736 723 1068 813 νεώτατος
1094 709 1634 816 Ἀναξανδρίδεω
1680 719 1860 810 παῖς)
1918 720 2028 788 καὶ
2077 719 2163 814 δὴ
2223 720 2330 787 καὶ
2377 715 2508 813 εἶχε
2549 714 2794 809 Κλεομέ-

615 863 768 916 νεος
819 837 1178 936 θυγατέρα.
1289 839 1362 917 ὃς
1410 841 1562 910 τότε
1615 839 1726 935 ἤιε
1793 836 1864 917 ές
1929 836 2372 934 θερμοπύλας
2416 836 2802 928 ἐπιλεξάμενος

618 954 863 1054 ἄνδρας
911 981 984 1027 τε
1034 958 1189 1036 τοὺς
1226 965 1685 1036 κατεστεῶτας
1719 961 2136 1054 τριηκοσίους
2175 958 2283 1027 καὶ
2319 959 2480 1027 τοῖσι
2511 955 2801 1051 ἐτύγχανον
2844 971 2863 1016 ὲ

614 1074 848 1155 παῖδες
897 1075 1150 1153 ἐόντες·
1224 1075 1640 1175 παραλαβὼν
1695 1075 1770 1147 δὲ
1812 1073 2088 1147 ἀπίκετο
2125 1077 2235 1145 καὶ
2274 1072 2573 1174 Θηβαίων
2604 1074 2733 1151 τοὺς
2756 1073 2807 1148 ἐς

615 1197 725 1265 τὸν
764 1192 1048 1292 ἀριθμὸν
1096 1192 1536 1290 λογισάμενος
1584 1194 1767 1266 εἶπον
1790 1253 1806 1282 ,
1856 1201 1988 1265 τῶν
2037 1193 2442 1291 ἐστρατήγεε
2475 1189 2810 1285 Λεοντιάδης

616 1314 652 1384 ὁ
692 1309 1118 1410 Εὐρυμάχου.
1206 1312 1401 1386 τοῦδε
1451 1313 1525 1385 δὲ
1577 1311 1801 1385 εἵνεκα
1848 1314 2121 1392 τούτους
2170 1314 2465 1410 σπουδήν
2515 1312 2809 1406 ἐποιήσατο

622 1431 970 1530 Λεωνίδης
1021 1435 1309 1526 μούνους
1352 1421 1714 1529 Ἑλλήνων
1762 1431 2179 1531 παραλαβεῖν
2201 1489 2220 1519 ,
2277 1432 2379 1503 ὅτι
2414 1430 2620 1528 σφέων
2653 1425 2810 1522 μεγὰ·
2979 1497 2983 1506 ,

616 1554 755 1633 λως
809 1554 1233 1650 κατηγόρητο
1290 1553 1629 1650 μηδίζειν·
1712 1551 2081 1648 παρεκάλεε
2135 1550 2229 1620 ὧν
2281 1550 2354 1632 ἐς
2401 1553 2508 1622 τὸν
2555 1548 2814 1638 πόλεμον,
2839 1565 2876 1609 1⁰
2980 1585 2983 1624 ς

616 1673 838 1745 θέλων
894 1670 1135 1744 εἰδέναι
1182 1671 1314 1743 εἴτε
1366 1672 1844 1768 συμπέμψουσι
1896 1671 2026 1742 εἴτε
2083 1674 2192 1743 καὶ
2245 1669 2592 1767 ἀπερέουσι
2639 1667 2702 1738 ἐκ
2729 1669 2814 1736 τοῦ

618 1792 953 1888 ἐμφανέος
1002 1794 1124 1888 τὴν
1154 1785 1512 1888 Ἑλλήνων
1569 1794 1984 1886 συμμαχίην.
2075 1791 2137 1859 οἱ
2189 1790 2264 1861 δὲ
2320 1787 2819 1884 ἀλλοφρονέοντες

618 1912 942 2004 ἔπεμπον.

481 2042 605 2101 206
774 2027 1065 2109 Τούτους
1118 2026 1238 2121 μὲν
1294 2030 1450 2108 τοὺς
1504 2027 1676 2123 ἀμφὶ
1732 2027 2080 2126 Λεωνίδην
2139 2032 2451 2126 πρώτους
2485 2025 2818 2118 ἀπέπεμψαν

618 2151 1070 2248 Σπαρτιῆται,
1131 2146 1237 2218 ἵνα
1288 2149 1563 2227 τούτους
1612 2147 1915 2243 ὁρέοντες
1966 2149 2028 2217 οἱ
2064 2145 2258 2219 ἄλλοι
2298 2148 2634 2241 σύμμαχοι
2663 2167 2819 2238 στρα-
2848 2161 2884 2206 05
2979 2181 2983 2218 τ

618 2273 936 2342 τεύωνται
1007 2265 1185 2366 μηδὲ
1227 2270 1334 2337 καὶ
1388 2266 1568 2337 οὗτοι
1610 2266 1980 2366 μηδίσωσι,
2040 2267 2122 2363 ἢν
2161 2267 2406 2345 αὐτοὺς
2433 2265 2820 2336 πυνθάνωνται

620 2386 1280 2489 ὑπερβαλλομένους·
1342 2385 1510 2480 μετὰ
1547 2385 1660 2474 δέ,
1714 2383 2011 2482 Κάρνεια
2064 2387 2193 2483 γάρ
2249 2411 2373 2480 σφι
2424 2388 2505 2482 ἧν
2548 2379 2820 2476 ἐμποδών,

619 2507 904 2602 ἔμελλον
967 2505 1370 2605 ὁρτάσαντες
1447 2507 1556 2577 καὶ
1619 2502 1920 2602 φυλακὰς
1983 2504 2284 2583 λιπόντες
2345 2504 2414 2575 έν
2474 2506 2552 2600 τῇ
2599 2500 2820 2595 Σπάρτῃ

620 2626 786 2699 κατὰ
823 2627 1032 2722 τάχος
1058 2624 1374 2725 βοηθέειν
1404 2627 1767 2722 πανδημεί.
1826 2626 1921 2703 ὣς
1948 2624 2024 2696 δὲ
2051 2627 2160 2695 καὶ
2190 2627 2252 2695 οἱ
2290 2625 2508 2695 λοιποὶ
2542 2628 2661 2693 τῶν
2690 2645 2818 2709 σομ-

621 2747 857 2844 μάχων
911 2745 1238 2816 ἐνένωντο
1289 2746 1396 2816 καὶ
1445 2745 1636 2815 αὐτοὶ
1683 2743 1880 2841 ἕτερα
1917 2749 2190 2815 τοιαῦτα
2225 2748 2562 2840 ποιήσειν·
2629 2743 2700 2837 ἧν
2731 2733 2820 2831 γὰρ
2845 2756 2883 2802 2³
2981 2782 2982 2817 τ

622 2864 788 2936 κατὰ
822 2866 1040 2934 τώυτὸ
1068 2856 1447 2955 Ὀλυμπιὰς
1494 2865 1784 2935 τούτοισι
1819 2868 1991 2963 τοῖσι
2028 2867 2380 2960 πρήγμασι
2415 2864 2817 2954 συμπεσοῦσα·

621 2984 834 3055 οὔκων
904 2981 1248 3061 δοκέοντες
1305 2979 1470 3053 κατὰ
1534 2982 1742 3078 τάχος
1806 2980 1985 3053 οὕτω
2043 2975 2594 3079 διακριθήσεσθαι
2640 2981 2732 3048 τὸν
2772 2975 2818 3043 ἐν

481 3109 601 3168 207
624 3100 1103 3199 Ηερμοπύλῃσι
1151 3100 1448 3194 πόλεμον
1504 3100 1806 3194 ἔπεμπον
1843 3102 1999 3180 τοὺς
2032 3102 2472 3199 προδρόμους.
2547 3098 2706 3169 οὗτοι
2735 3091 2820 3185 μὲν

620 3222 707 3318 δὴ
758 3218 936 3290 οὕτω
989 3219 1377 3292 διενένωντο
1426 3224 1754 3318 ποιήσειν.
1846 3221 1908 3289 οἱ
1962 3216 2038 3289 δὲ
2086 3219 2155 3292 ἐν
2211 3203 2816 3317 θερμοπύλῃσιἝλ·

621 3341 860 3437 ληνες,
912 3338 1148 3436 ἐπειδὴ
1198 3339 1411 3419 πέλας
1446 3337 1713 3436 ἐγένετο
1746 3348 1872 3438 τῆς
1907 3338 2200 3439 ἐσβολῆς
2235 3340 2270 3408 ό
2313 3336 2600 3436 Πέρσης,
2633 3355 2818 3426 καταρ·
2840 3345 2878 3393 25

621 3457 988 3556 ρωδέοντες
1037 3456 1475 3557 ἐβουλεύοντο
1527 3460 1680 3555 περὶ
1740 3455 2159 3556 ἀπαλλαγῆς.
2249 3462 2416 3528 τοῖσι
2455 3456 2574 3551 μέν
2609 3480 2703 3523 νυν
2732 3448 2818 3520 ἄλ·

621 3577 792 3647 λοισι
848 3574 1452 3674 Πελοποννησίοισι
1508 3576 1734 3648 ἐδόκεε
1786 3576 2061 3649 ἐλθοῦσι
2110 3576 2182 3654 ἐς
2220 3573 2711 3672 Πελοπόννησον
2740 3570 2815 3637 τὸν

609 3684 888 3788 Ἰσθμὸν
931 3693 1110 3790 ἔχειν
1149 3694 1217 3766 ἐν
1255 3695 1521 3793 φυλακῇ
1550 3719 1565 3734 ·
1621 3692 1970 3793 Λεωνίδης
2007 3694 2106 3783 δέ,
2145 3692 2439 3766 Φωκέων
2471 3697 2576 3765 καὶ
2610 3692 2817 3784 Λοκρῶν

720 3968 771 4017 6.
812 3964 995 4017 άπίκτο
1021 3967 1184 4019 ΑΒΟ
1220 3973 1244 4025 ΙΙ
1292 3968 1339 4017 8.
1383 3963 1439 4017 δὲ
1465 3982 1574 4018 om.
1603 3964 1658 4017 R
1718 3968 1741 4031 ΙΙ
1797 3965 1979 4018 τούτου
2005 3965 2130 4027 AB,
2160 3982 2268 4018 om.
2304 3964 2352 4016 G
2404 3968 2428 4030 Η
2485 3967 2534 4017 9.
2573 3964 2726 4031 μόνους
2747 3952 2814 4039 Cli

623 4035 703 4087 10.
744 4033 1042 4102 ἀπαίρουσιν
1070 4035 1125 4087 R
1194 4037 1216 4099 ΙΙ
1290 4036 1366 4085 12.
1408 4032 1544 4087 ἄλλα
1567 4035 1863 4106 φρονέοντες
1889 4035 1947 4087 R
2004 4037 2026 4098 ΙΙ
2103 4036 2181 4084 15.
2225 4035 2440 4103 δρῶντες
2465 4036 2516 4088 L
2570 4036 2591 4097 fl
2643 4041 2814 4097 στρατω·

619 4121 755 4155 ονται
782 4102 837 4154 R
883 4104 906 4168 ΙΙ
958 4105 1036 4155 16.
1080 4122 1118 4171 μ
1182 4103 1240 4155 δὲ
1260 4103 1447 4157 ABR:
1493 4106 1516 4168 ΙΙ
1574 4103 1821 4174 μηδίζωσι
1847 4120 1905 4171 qz
1952 4105 1974 4165 ΙΙ
2033 4102 2370 4155 πυνθάνονται
2397 4101 2449 4154 R
2502 4106 2526 4167 ΙΙ
2589 4103 2655 4152 17.
2688 4096 2814 4161 κάρνῑῖ

620 4173 675 4224 R
723 4175 745 4236 ΙΙ
793 4171 1033 4240 ἐμποδῶν
1060 4175 1109 4222 Α
1175 4174 1222 4225 0
1259 4174 1282 4237 ΙΙ
1335 4174 1412 4223 18.
1446 4173 1746 4241 ὁρτάσαντες
1770 4173 1856 4224 καὶ
1883 4171 2110 4239 φύλακας
2125 4173 2236 4224 AB
2281 4175 2303 4237 ΙΙ
2359 4174 2437 4222 19.
2477 4159 2782 4238 ward-104?
2799 4156 2812 4217 ἓ

618 4238 894 4310 βοηθήσειν
924 4241 979 4293 R
1025 4243 1047 4305 ΙΙ
1096 4240 1322 4311 πανδημί
1350 4243 1461 4294 ΑΒ
1517 4244 1539 4305 ΙΙ
1598 4242 1667 4298 ὡς
1693 4241 1861 4293 ABR
1907 4243 1929 4304 u
1976 4243 2059 4291 20.
2101 4239 2346 4292 ἐνένωντο
2372 4240 2602 4294 Reiske:
2636 4238 2811 4290 ὲνενὸπῦ

616 4308 716 4370 Rz,
747 4308 1017 4362 ἐννενῶντο
1043 4308 1117 4370 P,
1150 4309 1419 4363 ἐνενόωντο
1456 4308 1653 4378 reliqui
1722 4312 1745 4374 u
1810 4310 1891 4360 22.
1932 4309 2220 4380 κατατάχος
2257 4308 2310 4360 Ρ
2375 4312 2397 4373 fl
2477 4312 2555 4360 24.
2595 4302 2810 4357 &uvivum

616 4377 851 4430 Reiskez
891 4378 1179 4431 διενενῶντο
1227 4377 1409 4430 Pcorr.
1443 4378 1550 4439 Ra,
1595 4378 1910 4430 διεννενῶντο
1937 4377 2068 4497 Pin.
2099 4386 2158 4430 ut
2189 4376 2421 4441 videtur,
2464 4376 2810 4429 mmmm-

616 4445 752 4517 liqui
798 4448 820 4512 ΙΙ
868 4447 950 4499 25.
993 4446 1183 4517 ἐγίνετο
1210 4448 1266 4500 R
1313 4450 1336 4512 u
1381 4444 1618 4517 εἰσβολῆς
1643 4446 1681 4497 cl
1722 4449 1745 4511 u
1794 4448 1878 4499 27.
1920 4464 1981 4498 πε
2016 4446 2327 4516 οπονησίοισι
2352 4456 2408 4501 et
2432 4428 2813 4511 2:⁶20&an
