3059 5125
1032 314 1447 379 —H—
2263 318 2383 381 175

111 490 335 571 ἕξοντας
371 493 481 562 τὸν
509 475 1053 586 Ἑλλήσποντον.
1131 489 1516 562 ἐνετέλλετο
1569 487 1644 559 δὲ
1699 487 1790 558 ὧν
1831 489 2228 585 ῥαπίζοντας
2265 488 2381 558 λέ-

111 635 241 703 γειν
299 608 611 709 βάρβαρά
654 636 725 681 τε
768 612 875 680 καὶ
927 607 1313 698 ἀτάσθαλα,
1362 604 1468 678 “ὦ
1511 610 1741 707 πικρὸν
1781 608 1998 705 ὕδωρ,
2050 608 2385 705 δεσπότης

112 755 206 799 τοι
245 730 439 826 δίκην
479 728 771 801 ἐπιτιθεῖ
798 730 1036 826 τήνδε,
1090 728 1191 800 ὅτι
1246 757 1353 823 μιν
1407 729 1743 828 ἠδίκησας
1780 726 1973 801 οὐδὲν
2004 728 2177 825 πρὸς
2211 726 2382 799 ἐκεί·

114 876 223 918 νου
250 847 477 920 ἄδικον
508 848 752 919 παθόν.
814 851 923 919 καὶ
953 847 1271 948 βασιλεὺς
1302 849 1423 943 μὲν
1456 847 1717 947 Ξέρξης
1744 846 2140 947 διαβήσεταί
2167 872 2267 934 σε,
2298 848 2383 944 ἤν

116 994 178 1039 τε
206 970 287 1039 σύ
316 994 395 1066 γε
422 967 640 1068 βούλῃ
669 968 755 1064 ἤν
785 993 857 1039 τε
889 971 1019 1065 μή·
1060 970 1166 1041 σοὶ
1195 965 1268 1039 δὲ
1297 967 1462 1041 κατὰ
1488 970 1679 1066 δίκην
1711 966 1844 1065 ἄρα
1871 966 2089 1046 οὐδεὶς
2117 948 2383 1065 ἀνθρώ-

113 1114 250 1158 πων
284 1088 436 1159 θύει
473 1091 570 1168 ὡς
609 1086 780 1159 ἐόντι
818 1090 930 1158 καὶ
970 1087 1239 1185 θολερῷ
1276 1091 1383 1161 καὶ
1420 1087 1704 1186 ἁλμυρῷ
1738 1080 2078 1183 ποταμῷ”
2152 1090 2274 1183 τήν
2312 1112 2385 1158 τε

117 1208 195 1303 δὴ
231 1206 582 1279 θάλασσαν
622 1206 1003 1279 ἐνετέλλετο
1041 1208 1331 1280 τούτοισι
1383 1210 1668 1306 ζημιοῦν
1719 1209 1826 1278 καὶ
1880 1213 2008 1276 τῶν
2046 1205 2383 1279 ἐπεστεώ-

116 1352 238 1397 των
276 1329 363 1425 τῇ
404 1326 581 1409 ζεύξι
617 1331 734 1397 τοῦ
761 1320 1283 1424 Ἑλλησπόντου
1319 1325 1686 1421 ἀποταμεῖν
1725 1325 1846 1405 τὰς
1881 1325 2201 1422 κεφαλάς.
2277 1327 2385 1396 καὶ
2418 1337 2498 1399 36

120 1449 173 1516 οἱ
211 1445 330 1539 μὲν
372 1451 583 1517 ταῦτα
620 1445 882 1517 ἐποίεον
906 1504 924 1533 ,
978 1447 1149 1519 τοῖσι
1185 1445 1580 1545 προσέκειτο
1618 1444 1788 1544 αὕτη
1829 1446 1875 1543 ἡ
1914 1442 2156 1544 ἄχαρις
2192 1448 2381 1541 τιμή,

120 1563 225 1644 τὰς
278 1564 355 1636 δὲ
416 1564 612 1637 ἄλλοι
659 1562 1128 1662 ἀρχιτέκτονες
1162 1564 1602 1662 ἐζεύγνυσαν·
1679 1565 2074 1660 ἐζεύγνυσαν
2116 1564 2188 1637 δέ
2227 1563 2381 1636 ὧδε.

120 1683 675 1782 πεντηκοντέρους
724 1687 832 1756 καὶ
882 1686 1199 1782 τριήρεας
1247 1685 1635 1773 συνθέντες,
1701 1684 1830 1756 ὑπὸ
1890 1682 2010 1777 μὲν
2061 1686 2183 1781 τὴν
2221 1686 2387 1781 πρὸς

122 1810 228 1874 τοῦ
268 1800 585 1885 Εὐξείνου
620 1807 866 1875 πόντου
903 1804 1234 1900 ἑξήκοντά
1269 1829 1343 1877 τε
1379 1806 1486 1876 καὶ
1522 1808 1944 1903 τριηκοσίας,
1986 1802 2113 1875 ὑπὸ
2153 1802 2226 1875 δὲ
2261 1807 2383 1902 τὴν

125 1922 348 2020 ἑτέρην
415 1924 1007 2019 τεσσερεσκαίδεκα
1084 1926 1194 1994 καὶ
1264 1928 1684 2021 τριηκοσίας,
1744 1928 1862 1994 τοῦ
1937 1920 2060 2016 μὲν
2129 1921 2388 1995 Πόντου

127 2041 505 2140 ἐπικαρσίας
552 2047 672 2112 τοῦ
709 2043 783 2114 δὲ
808 2037 1331 2140 Ἑλλησπόντου
1367 2041 1535 2117 κατὰ
1573 2044 1764 2140 ῥόον,
1826 2039 1933 2113 ἵνα
1980 2040 2385 2139 ἀνακωχεύῃ

88 2164 225 2231 ’,τὸν
259 2165 453 2231 τόνον
492 2168 627 2231 τῶν
666 2161 932 2233 ὅπλων·
1029 2161 1377 2241 συνθέντες
1423 2159 1499 2232 δὲ
1537 2159 1830 2259 ἀγκύρας
1865 2169 2157 2260 κατῆκαν
2196 2187 2388 2258 περι-

131 2284 404 2376 μήκεας,
463 2276 582 2360 τὰς
640 2279 759 2372 μὲν
813 2285 982 2379 πρὸς
1043 2287 1162 2353 τοῦ
1204 2279 1467 2352 Πόντου
1517 2288 1642 2377 τῆς
1680 2281 1919 2378 ἑτέρης
1953 2286 2083 2351 τῶν
2117 2277 2388 2373 ἀνέμων

131 2396 356 2471 εἵνεκεν
401 2407 538 2470 τῶν
576 2399 830 2471 ἔσωθεν
868 2400 1304 2487 ἐκπνεόντων,
1348 2410 1472 2500 τῆς
1507 2401 1582 2472 δέ
1620 2400 1856 2498 ἑτέρης
1891 2402 2060 2497 πρὸς
2095 2400 2392 2498 ἑσπέρης

130 2541 191 2589 τε
224 2522 327 2592 καὶ
369 2523 488 2590 τοῦ
526 2514 804 2616 Αἰγαίου
855 2520 1145 2618 ζεφύρου
1197 2544 1270 2593 τε
1327 2522 1437 2591 καὶ
1489 2522 1686 2592 νότου
1720 2516 1963 2592 εἵνεκα.
2042 2518 2390 2593 διέκπλοον

132 2636 196 2710 δὲ
239 2638 610 2736 ὑπόφαυσιν
669 2638 1024 2712 κατέλιπον
1077 2647 1208 2710 τῶν
1247 2639 1796 2736 πεντηκοντέρων
1858 2642 1966 2710 καὶ
2033 2640 2389 2736 τριηρέων,

90 2753 225 2829 »ἵνα
267 2762 378 2832 καὶ
434 2757 505 2842 ἐς
575 2759 684 2828 τὸν
746 2756 1000 2830 Πόντον
1063 2757 1196 2856 ἔχῃ
1258 2758 1292 2828 ὁ
1345 2756 1761 2857 βουλόμενος
1810 2757 2035 2829 πλέειν
2096 2758 2391 2831 πλοίοισι

137 2875 419 2949 λεπτοῖσι
450 2877 559 2948 καὶ
596 2876 671 2947 ἐκ
709 2881 826 2946 τοῦ
867 2874 1124 2958 Πόντου
1162 2875 1313 2956 ἔξω.
1389 2883 1601 2949 ταῦτα
1641 2875 1717 2947 δὲ
1750 2880 2155 2973 ποιήσαντες
2191 2878 2389 2948 κατέ-

138 3018 320 3066 τεινον
371 2996 446 3068 έκ
493 3003 619 3094 γῆς
657 2995 1136 3095 στρεβλοῦντες
1166 2995 1380 3067 ὄνοισι
1418 2995 1729 3075 ξυλίνοισι
1784 2994 1864 3065 τὰ
1903 2996 2115 3082 ὅπλα,
2168 2995 2390 3068 οὐκέτι

138 3119 325 3211 χωρὶς
362 3115 644 3212 ἑκάτερα
680 3113 1026 3202 τάξαντες,
1071 3111 1249 3185 ἀλλὰ
1285 3114 1403 3185 δύο
1444 3113 1565 3209 μὲν
1606 3114 1989 3187 λευκολίνου
2023 3115 2389 3208 δασάμενοι

144 3230 201 3310 ἐς
243 3233 600 3332 ἑκατέρην,
674 3233 956 3331 τέσσερα
1020 3232 1093 3304 δὲ
1156 3241 1286 3303 τῶν
1340 3232 1698 3333 βυβλίνων.
1793 3235 2106 3331 παχύτης
2167 3231 2284 3327 μὲν
2343 3236 2390 3331 ἡ
2495 3315 2499 3320 ,

332 3474 376 3524 1.
419 3470 708 3524 ἐνετέλλετο
735 3501 763 3509 -
789 3473 820 3520 6
846 3471 1061 3540 ποταμῷ
1084 3470 1461 3538 Hermogenes
1487 3471 1601 3540 περὶ
1628 3469 1776 3522 ἰδεῶν
1800 3488 1852 3540 p.
1878 3473 1998 3525 317.
2022 3501 2089 3512 —
2112 3476 2161 3525 6.
2193 3471 2392 3526 Eusta-

232 3539 371 3593 thius
396 3538 465 3592 ll.
496 3557 547 3609 p.
574 3541 690 3589 359.
734 3538 899 3606 (Dion
951 3541 1090 3602 323).
1131 3570 1200 3578 —-
1244 3541 1321 3591 14.
1364 3537 1554 3601 Λέξεις.
1598 3570 1666 3578 -
1703 3542 1784 3591 22.
1828 3538 2002 3601 Λέξεις

237 3644 276 3694 1.
316 3643 373 3695 δὲ
407 3642 589 3696 ,4de
628 3641 691 3712 δὴ
762 3645 785 3706 ΙΙ
855 3644 925 3695 ὧν
962 3659 1068 3695 om.
1102 3642 1366 3710 Hermog.
1441 3645 1463 3706 ΙΙ
1534 3641 1592 3694 λέ
1625 3661 1694 3694 ειν
1731 3642 2030 3710 ῥαπίζοντας
2062 3644 2268 3696 Hermo
2315 3685 2326 3695 .
2378 3646 2396 3711 Ι]

152 3711 191 3760 ’2.
224 3713 279 3764 τὰ
300 3712 529 3784 βάρβαρα
557 3711 612 3764 R
658 3714 680 3776 u
728 3712 920 3779 πικρὸν]
954 3712 1129 3780 πικρὸν
1154 3711 1242 3764 καὶ
1266 3711 1494 3780 ἁλμυρὸν
1517 3729 1544 3761 z
1619 3714 1629 3775 Ι
1678 3713 1726 3764 3.
1770 3728 1848 3765 σοι
1875 3713 1931 3765 R
1977 3715 1999 3778 ΙΙ
2045 3712 2195 3782 τήνδε
2222 3660 2332 3763 ΑΞ
2378 3717 2398 3782 Η

153 3780 193 3831 4.
225 3781 393 3834 παθών
418 3797 471 3833 32
528 3782 552 3844 11
604 3778 671 3848 ἢν
698 3811 725 3819 -
752 3778 877 3848 βούλ
939 3797 1046 3832 om.
1078 3780 1149 3831 B¹
1208 3781 1232 3845 11
1294 3783 1340 3832 5.
1385 3778 1555 3848 βούλει
1580 3778 1644 3847 ἥν
1667 3799 1721 3832 τε
1744 3781 1830 3832 καὶ
1856 3781 1929 3850 μὴ
1956 3779 1994 3832 d
2035 3783 2056 3846 ΙΙ
2117 3780 2176 3833 σύ
2201 3799 2255 3851 γε
2283 3800 2389 3835 om.

155 3844 389 3928 ᾔει-πως.
427 3853 451 3916 fl
483 3849 600 3918 ἄρα]
630 3847 731 3919 ἄρα
754 3851 825 3909 ὡς
851 3866 877 3899 z
948 3852 999 3901 6.
1038 3849 1127 3901 καὶ
1152 3866 1259 3902 om.
1290 3849 1554 3968 Hel-mog
1598 3853 1618 3913 ΙΙ
1656 3847 1856 3938 arnapa}
1880 3849 2136 3903 Eldikius
2161 3850 2391 3920 aliique:

156 3916 323 3988 οολερῷ
367 3923 390 3985 ΙΙ
435 3918 541 3982 καὶ]
570 3936 624 3970 τε
647 3918 734 3970 καὶ
756 3935 799 3971 z.
830 3917 1097 3987 Hermog.
1147 3921 1169 3982 ΙΙ
1216 3918 1310 3986 τὴν
1338 3917 1391 3969 δὲ
1419 3918 1483 3986 δὴ
1596 3921 1617 3982 u
1667 3920 1713 3970 8.
1745 3917 2124 3979 ζεύςειΑΒΙίά
2156 3920 2177 3983 ΙΙ
2212 3922 2262 3971 9.
2292 3918 2394 3972 οἷσι

163 3985 224 4036 ffl
269 3991 289 4052 u
344 3986 648 4058 προσεκέετο
677 3986 729 4037 R
784 3990 807 4053 u
870 3988 951 4040 11.
990 3985 1249 4047 ξυνθέντες
1279 3986 1326 4037 C
1380 3991 1401 4051 ΙΙ
1464 3989 1543 4038 12.
1585 3985 1683 4039 ὑπὸ
1708 3986 1763 4038 δὲ
1800 4017 1827 4026 -
1870 3989 1929 4037 13
1955 3988 2246 4056 τριηκοσίας
2282 4006 2389 4040 om.

160 4051 274 4135 qu.
302 4061 323 4122 11
381 4059 467 4137 13.
505 4055 1034 4142 τέσσαρεσκαίδεκαᾼ
1095 4059 1116 4120 ΙΙ
1182 4057 1259 4106 14.
1302 4054 1715 4150 ἀνακωχεύειῙΒ.
1768 4055 2135 4126 ἀνακωχεύωσι
2160 4056 2393 4109 Reiske:

159 4135 692 4264 ffif‘ssfmAE-{Z‘ffi
732 4123 1088 4263 ἷύὲἒῖἴμήὲεζῗ
1096 4123 1706 4257 ὀδἿῗωῖῙ-ι.’“ἷῖ3ἑέῗτῶὲ
1732 4123 2011 4245 εῗὲᾆῗῗέἷῗ
2040 4125 2117 4258 ‘21⁷⁶
2133 4126 2396 4263 πΗριῖῗῖἦηξ

162 4263 261 4327 πρὸς
281 4283 306 4315 z
348 4267 370 4329 ΙΙ
425 4264 500 4315 18.
538 4261 754 4333 ζεφύρου
781 4262 945 4316 homo
971 4261 1194 4331 quidam
1220 4261 1411 4315 doctus
1435 4262 1492 4314 in
1518 4259 1587 4313 Al
1649 4278 1752 4313 em.
1785 4260 2128 4315 Litteraturz.
2159 4279 2207 4315 a.
2244 4264 2391 4314 1502.

162 4342 204 4394 p.
238 4332 356 4385 226:
412 4329 561 4401 εὔρου
619 4333 642 4397 ΙΙ
704 4333 782 4383 19.
824 4330 1070 4401 ὒπόιρασιν
1103 4330 1150 4381 C
1202 4334 1225 4396 ΙΙ
1282 4331 1528 4401 τριηρέων
1571 4330 1588 4382 ἰ
1631 4347 1715 4382 em
1766 4329 1855 4382 ille
1903 4330 2172 4383 incertus:
2221 4336 2397 4403 τριχοῦ

164 4397 215 4448 L.
258 4403 334 4454 zui
366 4419 424 4470 τρ
514 4401 614 4453 έων
649 4405 827 4471 τριγοῦ
864 4399 1117 4452 Petavius
1186 4402 1209 4464 u
1280 4402 1360 4451 21.
1416 4393 1539 4451 κατ’
1566 4399 1760 4451 ἐκεῖνον
1785 4399 1822 4450 d
1886 4402 1907 4462 11
1990 4401 2072 4450 22.
2117 4398 2250 4459 ὄνυξι
2276 4417 2335 4468 qz
2378 4401 2399 4469 ΙΙ

166 4464 232 4519 2³.
263 4469 296 4536 ἡ
316 4469 442 4540 αὐτὴ
554 4468 708 4521 iske:
747 4462 809 4538 ἦν
835 4468 870 4536 ἡ
894 4468 1024 4536 αὐτὴ
1050 4469 1130 4518 A2
1153 4486 1344 4537 marg„
1374 4469 1435 4537 ἦν
1463 4466 1592 4536 αὕτη
1616 4467 1780 4520 ceteri
