3059 5125
796 370 1187 437 -Γ-
2016 376 2139 440 289

0 550 164 649 »δρος
218 553 534 647 κήρυγμα
590 547 991 647 ἐποιήσατο,
1050 548 1125 628 ὃς
1180 545 1258 619 ἂν
1314 549 1359 646 ἢ
1416 550 1679 620 οἰκίοισι
1734 546 2139 648 ὑποδέξηταί

28 670 71 767 ἢ
128 666 681 767 προσδιαλεχθῇ,
764 669 913 767 ίρὴν
979 668 1235 765 ζημίην
1294 675 1527 739 τοῦτον
1593 671 1691 765 τῷ
1745 661 2138 741 Ἀπόλλωνι

0 790 172 867 ίλειν,
213 789 383 885 ὅσην
427 786 511 884 δὴ
544 787 755 868 εἴπας.
826 790 997 887 πρὸς
1034 786 1128 857 ὧν
1168 788 1255 885 δὴ
1292 794 1486 860 τοῦτο
1523 789 1599 858 τὸ
1639 792 1949 886 κηρυγμα
1985 790 2140 861 οὔτε

15 911 74 979 οί
133 905 564 1004 διαλέγεσθαι
614 906 767 979 οὔτε
830 908 1089 980 οἰκίοισι
1140 906 1453 981 δέκεσθαι
1507 907 1758 1007 ἤθελε·
1836 912 2005 1007 πρὸς
2066 906 2141 981 δὲ

0 1027 22 1099 ὲ
74 1027 277 1107 αὐτὸς
332 1027 587 1108 ἐκεῖνος
642 1026 933 1100 ἐδικαίου
983 1027 1343 1126 πειρᾶσθαι
1401 1026 1891 1127 ἀπειρημένου,
1964 1027 2139 1101 ἀλλὰ

0 1148 350 1248 ιαρτερέων
389 1146 457 1218 έν
496 1150 652 1245 τῇσι
689 1147 927 1246 στοῇσι
966 1146 1408 1220 ἐκαλινδέετο.
1480 1148 1765 1247 τετάρτῃ
1803 1145 1876 1218 δὲ
1907 1149 2134 1247 ἡμέρῃ

0 1296 20 1338 ν
58 1294 167 1362 μιν
206 1265 242 1336 δ
284 1264 687 1365 Περίανδρος
722 1264 1077 1365 ἀλουσίῃσί
1126 1292 1197 1337 τε
1244 1267 1352 1337 καὶ
1389 1262 1692 1366 ἀσιτίῃσι
1728 1292 2136 1361 συμπεπτω-

0 1414 23 1460 ι
58 1389 381 1485 οἴκτειρε·
455 1386 643 1466 ὑπεὶς
698 1383 771 1456 δὲ
818 1394 940 1486 τῆς
987 1385 1194 1485 ὀργῆς
1228 1388 1338 1484 ἤιε
1393 1384 1600 1459 ἆσσον
1640 1388 1751 1458 καὶ
1788 1385 1982 1485 έλεγε
2027 1374 2140 1456 “ὦ

2 1568 15 1583 .
73 1510 311 1606 κότερα
359 1507 612 1576 τούτων
668 1507 1077 1604 αἱρετώτερά
1130 1505 1306 1588 ἐστι,
1379 1511 1593 1578 ταῦτα
1649 1505 1730 1578 τὰ
1780 1512 1896 1578 νῦν
1957 1506 2136 1604 ἔχων

0 1654 206 1723 γσσεις,
262 1626 307 1724 ἢ
362 1627 485 1723 τὴν
536 1624 886 1725 τυραννίδα
940 1628 1046 1698 καὶ
1100 1625 1183 1697 τὰ
1238 1624 1463 1723 ἀγαθὰ
1508 1623 1591 1697 τὰ
1633 1632 1747 1698 νῦν
1796 1626 1932 1723 ἐγὼ
1969 1625 2132 1722 ἔχω.

0 1773 70 1818 τα
122 1747 320 1819 ἐόντα
374 1748 473 1843 τῷ
528 1748 732 1843 πατρὶ
796 1744 1148 1845 ἐπιτήδεον
1206 1744 1802 1847 παραλαμβάνειν;
1879 1746 1955 1825 ὃς
2007 1746 2137 1819 ἐὼν

0 1896 27 1948 ς
60 1893 132 1939 τε
167 1868 328 1945 παῖς
363 1867 471 1936 καὶ
510 1861 849 1963 Κορίνθου
897 1872 1020 1965 τῆς
1072 1864 1467 1959 εὐδαίμονος
1513 1865 1830 1965 βασιλεὺς
1868 1864 2133 1965 ἀλήτην

0 2015 7 2050 ι
59 1984 259 2064 εἵλευ,
319 1983 761 2057 ἀντιστατέων
815 2009 889 2056 τε
942 1988 1050 2056 καὶ
1104 1983 1272 2083 ὀργῇ
1328 1987 1715 2082 χρεώμενος
1767 1984 1837 2066 ές
1889 1988 2000 2056 τόν
2062 2011 2138 2057 σε

0 2132 99 2179 πα
136 2106 365 2204 ἐχρῆν.
441 2105 497 2175 εἰ
532 2104 657 2203 γάρ
693 2129 793 2185 τις
829 2107 1146 2203 συμφορὴ
1186 2104 1256 2177 ἐν
1292 2102 1551 2177 αὐτοῖσι
1586 2104 1909 2201 ἐγεγόνεε,
1950 2103 2020 2186 ἐξ
2049 2106 2138 2205 ἧς

2 2228 158 2325 ψίην
198 2226 270 2306 ές
307 2223 433 2319 ἐμὲ
471 2224 674 2321 ἔχεις,
716 2224 872 2319 έμοί
904 2250 978 2295 τε
1017 2224 1185 2323 αὕτη
1226 2224 1457 2322 γέγονε
1495 2227 1603 2296 καὶ
1641 2223 1778 2321 ἐγὼ
1814 2223 2027 2325 αὐτῆς
2062 2228 2140 2297 τὸ

0 2352 69 2417 ῦν
128 2345 416 2442 μέτοχός
467 2346 633 2438 εἰμι,
689 2344 834 2441 ὅσῳ
872 2343 1071 2426 αὐτός
1107 2369 1283 2441 σφεα
1320 2343 1811 2442 ἐξεργασάμην.
1929 2347 2011 2417 σὺ
2067 2343 2141 2415 δὲ

0 2470 101 2537 ιῶν
138 2466 277 2561 ὅσῳ
314 2463 727 2563 φθονέεσθαι
764 2466 1042 2565 κρέσσον
1095 2464 1235 2537 ἐστὶ
1271 2464 1317 2564 ἢ
1358 2462 1820 2561 οἰκτείρεσθαι,
1874 2463 2016 2558 ἅμα
2066 2490 2138 2536 τε

0 2589 80 2656 ἵόν
117 2611 179 2658 τι
214 2586 284 2666 ές
319 2588 479 2667 τοὺς
514 2585 754 2667 τοκέας
807 2588 915 2657 καὶ
967 2585 1037 2666 ές
1083 2587 1238 2666 τοὺς
1274 2585 1636 2684 κρέσσονας
1672 2582 2131 2678 τεθυμῶσθαι,

0 2705 58 2777 θι
105 2705 174 2787 ἐς
230 2704 313 2778 τὰ
365 2694 605 2777 οίκία.”
708 2704 1116 2805 Περίανδρος
1172 2703 1291 2800 μὲν
1340 2706 1634 2776 τούτοισι
1688 2703 1888 2776 αὐτὸν
1941 2729 2137 2776 κατε-

0 2825 193 2926 ,βανε·
242 2827 279 2896 ὁ
316 2823 392 2896 δὲ
427 2823 595 2897 ἄλλο
636 2824 757 2921 μὲν
797 2824 992 2897 οὐδὲν
1034 2822 1382 2925 ἀμείβεται
1416 2827 1528 2895 τὸν
1566 2822 1845 2923 πατέρα.
1889 2822 2022 2922 ἔφη
2065 2825 2140 2896 δέ

26 2949 169 3044 ἱρὴν
219 2948 477 3044 ζημίην
528 2945 818 3042 ὀφείλειν
866 2947 967 3042 τῷ
1010 2928 1157 3042 θεῷ
1200 2943 1435 3040 ἑωυτῷ
1481 2942 1553 3023 ές
1606 2944 1847 3040 λόγους
1899 2940 2136 3016 ἀπικό-

0 3092 87 3135 ον.
178 3065 417 3160 μαθὼν
476 3063 552 3137 δὲ
604 3065 639 3135 δ
679 3062 1087 3164 Περίανδρος
1134 3067 1229 3143 ὡς
1277 3061 1529 3162 ἄπορόν
1579 3089 1640 3134 τι
1677 3065 1754 3134 τὸ
1792 3067 1988 3136 κακὸν
2025 3063 2132 3163 εἴη

44 3184 275 3266 παιδὸς
339 3186 450 3255 καὶ
512 3180 849 3282 ἀνίκητον,
919 3181 987 3263 ἐξ
1056 3182 1432 3279 ὀφθαλμῶν
1493 3209 1600 3277 μιν
1664 3179 2139 3277 ἀποπέμπεται

0 3303 134 3385 ίλας
196 3305 433 3376 πλοῖον
501 3303 574 3385 ἐς
627 3299 1009 3401 Κέρκυραν·
1089 3301 1442 3402 ἐπεκράτεε
1504 3301 1629 3402 γὰρ
1698 3307 1806 3375 καὶ
1861 3304 2133 3402 ταύτης.

0 3424 267 3505 »στείλας
332 3423 405 3496 δὲ
466 3428 700 3495 τοῦτον
776 3424 811 3494 ὁ
869 3420 1282 3522 Περίανδρος
1350 3422 1779 3523 ἐστρατεύετο
1851 3423 1962 3496 ἐπὶ
2024 3424 2137 3493 τὸν

0 3542 186 3642 θερὸν
222 3542 535 3645 Προκλέα
591 3546 685 3625 ὡς
736 3549 869 3613 τῶν
920 3545 1306 3642 παρεόντων
1359 3545 1420 3614 οἱ
1468 3541 1888 3643 πρηγμάτων
1943 3542 2137 3614 ἐόντα

91 3835 161 3886 16.
202 3835 258 3888 σὺ
282 3865 311 3876 -
337 3837 400 3887 19
426 3833 564 3888 οίκία
587 3833 853 3889 stobaeus
877 3830 1038 3887 floril.
1071 3831 1157 3886 111
1182 3835 1247 3886 69

0 3986 37 4036 Ι-
229 4011 261 4044 α
289 3992 335 4045 C'
385 3993 407 4057 ΙΙ
463 3989 634 4061 ἥσω.
699 4008 725 4042 z
783 3991 805 4054 ΙΙ
866 3988 1120 4061 οἰκίησιᾱ
1174 3992 1198 4056 ΙΙ
1261 3987 1548 4060 δέξηταίΙί
1615 3990 1639 4054 11
1709 3991 1759 4042 4.
1800 3987 2054 4060 οίκίησιά
2107 3987 2130 4053 ΙΙ

0 4049 87 4138 ὧδ’,
213 4061 237 4125 ΙΙ
303 4059 526 4114 ἐδικαίου
552 4061 664 4114 ΑΒ
741 4079 754 4110 z
783 4057 1004 4112 ἐδικαίευ
1072 4061 1096 4124 ΙΙ
1168 4061 1217 4109 6.
1259 4056 1488 4128 στολῆισι
1517 4059 1576 4123 0,
1610 4064 1834 4127 στοιῆσιν
1860 4057 1918 4111 R
1986 4057 2010 4122 ΙΙ
2078 4054 2135 4108 δὲ

2 4143 15 4175 =
49 4123 75 4174 ὃ
162 4131 182 4193 ΙΙ
257 4130 306 4181 9.
353 4128 547 4182 τούτων
584 4128 887 4200 αἱρετώτερα
925 4146 1033 4181 om.
1065 4129 1143 4182 ,Β1
1223 4130 1246 4194 ΙΙ
1333 4129 1410 4179 10.
1457 4127 1521 4180 τὰ
1559 4125 1727 4198 ἀγαθὰ
1762 4145 1818 4180 z:
1857 4123 2027 4248 ἀγαθὰ
2108 4127 2131 4190 11

16 4193 90 4246 ἐπι
151 4196 275 4251 δειον
313 4199 351 4251 d
425 4201 460 4320 Ρ
558 4200 636 4251 13.
675 4196 954 4270 χρεόμενος
991 4199 1047 4252 P
1120 4199 1142 4261 ΙΙ
1222 4197 1293 4255 είς
1324 4198 1437 4250 ΑΒ
1516 4200 1540 4263 ΙΙ
1624 4198 1702 4277 1¹3.
1741 4195 1885 4268 ἐγγεγ
1915 4212 2024 4247 νεεν
2060 4193 2131 4246 R.

0 4262 91 4344 ινεὶ)
236 4284 374 4337 eger.
447 4275 652 4320 ortasse
690 4256 920 4338 ἐγγέγονε
1017 4270 1039 4333 ΙΙ
1150 4268 1229 4318 16.
1282 4283 1310 4317 σ
1351 4265 1411 4318 ἐα
1449 4265 1778 4319 Βῐεάονιιιεε
1837 4282 1895 4316 τε
1930 4265 2022 4348 (1,-
2044 4279 2139 4334 σφε

0 4335 160 4456 M.
198 4336 1148 4474 kff‘fflfffflssnf‘sffiffiffflssi‘ssssffl
1194 4338 1235 4471 „¹¹
1269 4334 1561 4457 19.⁷;‚132{'3
1581 4333 1740 4457 3533:
1786 4337 1838 4468 „¹¹
1869 4333 2138 4472 23‘5'5233:

0 4468 12 4529 Ι
61 4471 136 4522 ²3·
175 4491 253 4541 μιν
277 4492 380 4528 om.
410 4476 449 4528 d
507 4477 531 4539 ΙΙ
600 4477 682 4527 24.
723 4475 887 4546 πλοίῳ
911 4494 965 4530 82
1024 4477 1048 4540 ΙΙ
1106 4475 1187 4525 26.
1229 4471 1522 4544 πατροκλέα
1550 4474 1588 4526 d
1641 4475 1664 4538 ΙΙ
1722 4474 1792 4529 ὡς
1818 4502 1846 4511 -
1871 4488 1926 4542 p.
1957 4471 2076 4534 290,
2109 4473 2130 4520 1

0 4535 111 4590 κλέα
132 4557 229 4593 om.
258 4543 293 4594 d
334 4545 358 4609 11
404 4544 453 4597 οἱ
478 4559 584 4596 om.
616 4545 673 4597 R

6 4635 241 4684 Herodotus.
1665 4644 1726 4695 19
