3059 5125
571 338 714 383 mm
1558 313 1841 373 Praefatio.

565 494 818 567 civitas
891 491 1249 567 feminino
1325 494 1672 568 efferatur
1748 490 1960 588 (conf.
2028 492 2449 587 Stephanus
2513 492 2688 589 Byz.
2760 491 2843 564 in

573 619 1053 720 Πασαργάδαι).
1145 632 1367 719 atque
1417 622 1555 695 illa
1597 621 1823 695 semel
1872 631 2317 695 memoratur
2359 623 2434 694 A
2482 621 2624 694 158
2642 673 2661 708 ‚
2711 620 2845 692 ubi

567 751 803 846 quivis
839 753 1064 825 sentit
1097 776 1248 828 non
1285 777 1494 847 posse
1531 751 1704 824 addi
1736 752 1895 832 τοὺς
1929 745 2329 850 Μιλησίωνι
2367 749 2572 823 locus
2610 758 2696 821 ut
2730 752 2846 822 in-

565 881 849 953 dicetur
875 882 969 953 ad
995 906 1308 977 quorum
1332 883 1516 955 fines
1538 882 1925 976 pertineat,
1942 879 2061 954 vel
2079 879 2544 954 Milesiorum
2570 904 2845 952 nomen

567 1014 637 1081 A
676 1010 794 1082 92.
836 1010 899 1081 B
945 1010 1085 1083 159
1125 1008 1244 1083 vel
1277 1017 1399 1110 τῆς
1439 1005 1788 1110 Μιλησίης
1823 1010 2251 1083 adiunctum
2288 1018 2422 1096 est,
2459 1018 2546 1082 ut
2579 1011 2655 1082 A
2702 1011 2843 1081 157

564 1138 636 1218 ἐς
668 1137 825 1210 θεὸν
861 1135 1126 1216 ἀνοῖσαι
1159 1140 1272 1210 τὸν
1309 1137 1378 1211 ἐν
1416 1134 1846 1238 Βραγχίδῃσι
1887 1177 1989 1192 —-
2027 1139 2062 1210 ὁ
2098 1137 2174 1211 δὲ
2208 1145 2434 1239 χῶρος
2470 1135 2670 1218 οὗτος
2705 1136 2847 1210 ἐστὶ

567 1273 688 1365 τῆς
722 1261 1094 1366 Μιλησίης,
1138 1268 1232 1340 46
1266 1275 1395 1367 τῆς
1433 1261 1787 1365 Μιλησίης
1823 1267 1896 1349 ἐς
1926 1264 2343 1365 Βραγχίδας.

773 1395 1160 1470 Adiectiva
1190 1406 1785 1492 proparoxytona
1817 1396 1898 1468 in
1933 1421 2069 1476 ειος
2116 1396 2498 1481 exeuntia,
2552 1405 2849 1490 praeter

557 1517 841 1623 Ἀρειος
875 1520 1293 1624 ἀνθρώπειος
1330 1524 1670 1625 βασίλειος
1707 1522 2108 1620 (Ποσίδειον)
2156 1526 2237 1599 in
2271 1529 2426 1624 ήιος
2466 1523 2846 1620 ampliata,

565 1661 808 1726 cetera
832 1662 1328 1728 extenuantur
1354 1652 1709 1749 pleraque
1743 1654 1824 1726 in
1860 1679 1991 1736 εος,
2035 1679 2186 1727 non
2213 1663 2512 1728 cuncta:
2544 1645 2844 1754 Ἀριμά-

568 1807 772 1862 σπεος
812 1768 1193 1881 “Ηράκλεος
1230 1769 1689 1882 Ὑπερβόρεος
1724 1780 2079 1882 ἐπιτήδεος
2125 1778 2568 1882 ἀνεπιτήδεος
2610 1781 2850 1862 τέλεος

567 1912 790 2007 αίγεος
824 1908 1022 2011 βόεος
1055 1908 1409 2010 ὠμοβόεος
1444 1909 1620 1991 οἵεος
1654 1914 1925 2009 χήνεος.
1985 1911 2253 2006 quibus
2291 1913 2847 2008 adgregandum

566 2037 756 2111 foret
789 2035 1067 2137 ὑπωρὲη
1122 2037 1287 2137 (γῆ),
1339 2038 1480 2112 nisi
1530 2039 1689 2111 eius
1742 2041 1928 2112 fines
1972 2049 2047 2112 et
2094 2039 2369 2140 bmhpea
2404 2042 2849 2114 substantivi

569 2162 1542 2262 aegre'disterminarentur‚
1595 2170 1775 2240 adeo
1827 2177 1912 2241 ut
1959 2170 2082 2266 τὴν
2132 2167 2451 2269 ὑπωρὲην
2490 2171 2608 2242 τοῦ
2649 2168 2854 2268 ὄρεος

568 2297 630 2368 Β
668 2297 831 2369 158.
873 2291 938 2366 Η
976 2297 1116 2369 199
1155 2320 1305 2370 non
1338 2295 1761 2391 reliquerim
1797 2296 1939 2369 nisi
1974 2298 2367 2370 admodum
2395 2299 2846 2372 dubitanter.

570 2420 986 2519 Μεμνόνειον
1028 2419 1087 2495 Ε
1128 2427 1222 2499 54
1259 2449 1411 2498 non
1448 2435 1671 2522 tango
1708 2435 1795 2500 ut
1828 2427 2228 2522 proprium,
2279 2422 2634 2521 Μεμνόνια
2670 2453 2852 2501 vero

571 2549 629 2627 E
669 2554 761 2628 53
816 2563 892 2628 et
939 2549 1010 2626 ἐν
1055 2551 1374 2627 Σούσοισι
1406 2558 1583 2628 τοῖσι
1620 2549 2056 2650 Μεμνονίοισι
2105 2552 2167 2627 Η
2214 2556 2349 2630 151
2401 2556 2717 2631 invicem
2770 2584 2853 2632 se

568 2692 889 2757 tuentur.
977 2707 1116 2756 nec
1149 2706 1398 2756 rursus
1435 2676 1745 2758 dubium
1778 2684 1859 2761 in
1908 2709 2266 2758 consensu
2313 2687 2611 2761 testium
2661 2688 2852 2783 quin

570 2812 871 2893 ἐπέτειος
905 2813 1234 2885 immune
1263 2814 1613 2887 manserit
1636 2811 1768 2887 illa
1794 2815 2174 2889 affectione
2202 2814 2291 2911 (B
2320 2818 2439 2888 25.
2473 2817 2593 2890 92.
2636 2814 2691 2889 Γ
2718 2819 2847 2891 89.

571 2944 690 3014 95.
731 2938 786 3012 Δ
814 2942 935 3015 26.
966 2943 1086 3014 62.
1129 2937 1188 3012 Ε
1217 2941 1337 3014 29.
1380 2941 1432 3014 Ζ
1465 2944 1631 3016 105.
1675 2940 1726 3015 Θ
1768 2943 1958 3040 108).
2029 2944 2340 3040 ideoque
2375 2970 2469 3018 ne
2504 2945 2853 3044 ἡμιόνειαι

573 3070 869 3165 quidem
904 3072 978 3143 A
1023 3068 1164 3143 188
1202 3079 1332 3143 aut
1369 3070 1669 3170 μηλείων
1721 3074 1796 3144 Α
1840 3074 1982 3147 119
2018 3076 2400 3149 movenda.
2494 3075 2854 3148 termina-

569 3199 787 3273 tionis
835 3221 1074 3294 porro‚
1123 3222 1274 3273 non
1322 3222 1575 3274 sensus
1611 3201 1996 3276 discrimen
2041 3211 2153 3276 est
2182 3203 2265 3275 in
2302 3200 2741 3302 ἀνθρωπήιος
2778 3213 2859 3278 et

571 3325 1010 3428 ἀνθρώπινος,
1054 3350 1366 3424 quorum
1401 3327 1713 3404 alterum
1748 3332 2116 3405 abiciebat
2138 3332 2544 3405 Bredovius
2571 3356 2646 3427 p.
2676 3335 2853 3420 178,

572 3455 1013 3551 ἀντιπόλεμος
1062 3454 1150 3552 (Η
1192 3458 1364 3531 236.
1407 3455 1460 3530 Θ
1499 3459 1625 3555 68)
1676 3469 1752 3533 et
1786 3455 2258 3555 ἀντιπολέμιος
2308 3459 2386 3557 (Δ
2432 3461 2599 3534 134.
2650 3463 2855 3557 140),

567 3588 648 3659 in
695 3610 842 3682 quo
884 3587 960 3658 R
1008 3586 1371 3682 corrigens
1421 3583 1868 3683 ἀντιπόλεμος
1929 3590 2342 3662 recentibus
2402 3590 2856 3685 perplacuit,

571 3716 761 3789 sicut
795 3713 1109 3815 ἀνόλβιος
1143 3724 1221 3788 et
1255 3712 1545 3817 ἀνόλβου
1594 3738 1749 3789 una
1778 3719 2079 3812 periodo
2122 3719 2654 3819 comprehensa
2695 3744 2851 3793 non

571 3843 746 3918 tulit
779 3844 843 3918 is
881 3843 1009 3938 qui
1049 3842 1128 3914 P
1153 3844 1476 3919 codicem
1510 3845 1887 3941 expolivit.
1979 3872 2116 3921 neo
2162 3850 2259 3921 ob
2293 3846 2517 3921 talem
2552 3872 2850 3923 causam

570 3976 652 4047 in
688 3974 1016 4047 sordibus
1049 3973 1474 4047 habendum
1510 3984 1645 4048 aut
1674 3976 1948 4057 ξεινίους
1997 3971 2059 4048 Ε
2097 3976 2193 4051 63
2247 3987 2376 4051 aut
2418 3977 2587 4074 φίλα
2632 3972 2687 4051 Γ
2724 3980 2848 4053 49.

571 4102 856 4196 οὐδαμοί
882 4098 1160 4197 ubique
1183 4114 1444 4198 regnat
1466 4114 1754 4199 praeter
1786 4101 1841 4175 Γ
1870 4104 1991 4178 26.
2034 4102 2059 4177 l
2092 4107 2217 4194 58,
2256 4108 2383 4180 ubi
2411 4115 2525 4180 est
2548 4106 2846 4190 οὐδένες.

571 4210 699 4304 sed
748 4254 899 4305 non
950 4228 1306 4304 illustrius
1355 4242 1468 4306 est
1515 4234 1943 4330 exemplum
1992 4256 2217 4330 quam
2264 4230 2344 4307 in
2393 4236 2537 4309 hoc
2578 4262 2851 4333 genere

573 4384 722 4433 non
771 4358 992 4434 fuerit
1041 4360 1464 4434 Herodotus
1510 4363 1813 4459 ineptus
1876 4386 2097 4459 quam
2164 4366 2691 4439 adiectivomm
2754 4370 2851 4439 ab

562 4477 577 4504 ‘
597 4485 823 4571 Ελλάς
857 4488 1357 4564 deductorum.
1442 4491 1724 4590 γλῶσσα
1757 4478 1774 4508 ‘
1792 4484 2018 4574 Ελλάς
2054 4494 2495 4569 duodeciens
2528 4508 2854 4585 vocatur,
