3059 5125
565 351 681 395 xv1
1561 331 1853 388 Praefatio.

768 508 891 581 20.
961 507 1534 581 Mutinensis
1586 509 1686 582 11.
1738 508 1842 581 H.
1901 510 1981 597 6,
2042 509 2504 594 chartaceus,
2556 509 2637 584 in
2687 509 2846 600 fol„
2996 541 2997 544 ¹

563 660 747 709 saec.
789 637 966 708 XV.

971 764 1626 861 Neapolitani:

770 897 892 970 21.
966 896 1106 967 III.
1146 895 1233 967 Β.
1282 896 1357 983 1,
1406 897 1927 993 bombycinus,
1977 898 2056 969 in
2108 922 2230 993 qu.
2321 898 2401 972 in
2448 900 2598 973 fine
2656 900 2847 973 haec

560 1025 830 1120 scripta
875 1033 1083 1097 sunt:
1153 1022 1517 1121 ἐτελειώθη
1572 1028 1648 1096 τὸ
1698 1027 1912 1123 παρὸν
1966 1023 2224 1126 βιβλίον
2275 1028 2439 1125 μηνὶ
2485 1026 2843 1125 αὐγούστω

559 1135 946 1235 ἰνδικτιονος
996 1154 1088 1252 f‘,
1151 1151 1343 1236 ἔτους
1385 1136 1597 1252 Hm,
1666 1153 1792 1250 (.=
1840 1180 1903 1227 a.
1952 1155 2146 1228 1440
2199 1153 2402 1251 chr.)
2458 1152 2568 1228 διὰ
2614 1158 2843 1258 χειρὸς

556 1281 723 1377 ἐμοῦ
794 1279 1070 1353 ἰωάννου
1135 1281 1446 1355 διακόνου
1512 1283 1622 1353 καὶ
1697 1281 2203 1383 δευτερεύοντος
2266 1291 2390 1384 τῆς
2454 1280 2841 1384 ἁγιωτάτης

557 1408 1043 1510 μητροπόλεως
1078 1409 1565 1504 λακεδαίμονος
1600 1414 1718 1480 τοῦ
1755 1410 2205 1508 χανδακηνοό.
2250 1409 2369 1507 (d).
2452 1414 2841 1508 subsequi-
2996 1407 2997 1486 J

558 1549 681 1611 tur
729 1538 1078 1611 continuo
1128 1563 1420 1612 carmen
1473 1539 1626 1612 sive
1672 1537 2101 1611 vaticinium
2148 1540 2239 1613 de
2276 1539 2541 1612 Isthmi
2592 1541 2841 1613 muni·
2994 1523 2997 1540 ἶ

557 1668 879 1740 tionibus
927 1668 1671 1763 impressionibusque
1720 1669 2227 1755 barbarorum,
2280 1667 2487 1741 cuius
2536 1670 2680 1742 hoc
2726 1678 2839 1742 est
2996 1713 2997 1736 1

553 1798 878 1871 initium:
933 1801 996 1868 τί
1047 1797 1259 1879 δίζεαι
1307 1794 1583 1891 μαθέειν
1634 1796 2211 1896 τριαινοκράτορος
2260 1795 2550 1894 αὐλαίης
2598 1796 2836 1896 ἕρκους
2996 1829 2997 1850 ¹

551 1926 725 2027 πέρι.
820 1927 1017 2022 quod
1053 1923 1227 1998 alibi
1263 1928 1539 1999 edetur.

759 2058 881 2130 22.
937 2055 1080 2127 ΠΙ.
1119 2054 1206 2127 Β.
1248 2053 1320 2142 2,
1357 2055 1821 2140 chartaceus,
1872 2054 1951 2125 in
2003 2079 2168 2149 qu„
2240 2078 2425 2128 saec.
2464 2055 2663 2128 XIV
2714 2053 2833 2128 vel

548 2187 728 2258 XV.
800 2184 894 2281 (d)

620 2360 626 2366 -
758 2315 879 2390 23.
939 2313 1081 2385 ΙΙΙ.
1120 2313 1207 2384 Β.
1251 2313 1321 2401 3,
1359 2313 1809 2400 chartaceus,
1847 2310 1928 2385 in
1963 2338 2117 2409 qn.,
2155 2337 2340 2387 saec.
2380 2311 2597 2388 XVI.
2650 2313 2749 2410 (d)

757 2444 878 2516 24.
936 2442 1078 2515 III.
1118 2442 1205 2514 Β.
1249 2442 1320 2530 4,
1357 2443 1807 2529 chartaceus,
1853 2444 1934 2514 in
1977 2452 2141 2526 oct.,
2197 2467 2381 2518 saec.
2425 2444 2643 2519 XVI.
2748 2444 2833 2517 in

546 2576 697 2648 fine
734 2576 951 2671 στίχοι
985 2574 1269 2672 ἡρωϊκοί
1299 2572 1538 2647 eidem
1576 2572 1704 2669 qui
1737 2572 1816 2644 in
1853 2573 2181 2646 Parisino
2216 2598 2281 2670 q.

960 2701 1378 2775 Romani:

753 2835 875 2906 25.
933 2829 1311 2905 Palatinus
1354 2833 1524 2920 152,
1562 2833 2067 2929 bombycinus,
2106 2832 2185 2904 in
2222 2841 2389 2920 oct.,
2435 2856 2618 2906 saec.
2658 2833 2829 2907 XII

483 2942 491 2950 ⁸
544 2961 663 3038 vel
695 2963 922 3035 XIII.
1012 2961 1205 3034 inest
1251 2970 1540 3056 praeter
1575 2962 1778 3035 varia
1811 2960 2142 3034 Philonis
2182 2961 2441 3035 Iudaei
2474 2970 2551 3034 et
2588 2962 2827 3036 Issaei

544 3092 708 3191 Syri
739 3089 866 3199 fol.
895 3090 1291 3164 193-—237
1321 3089 1686 3164 Herodoti
1715 3085 2078 3189 Καλλιόπη
2117 3090 2291 3164 inde
2316 3115 2361 3162 a
2385 3089 2556 3163 libri
2580 3094 2827 3166 octavi

542 3221 783 3295 verbis
814 3218 1088 3294 ultimis
1117 3220 1180 3290 ol
1210 3216 1330 3313 μὲν
1358 3223 1570 3290 ταῦτα
1600 3216 2147 3315 ὑποκριναμένων
2170 3207 2554 3317 Ἀθηναίων
2591 3215 2821 3292 ἀπαλ-

543 3350 876 3423 λάσσοντο
911 3347 984 3429 ἐς
1014 3346 1352 3447 Σπάρτην,
1381 3371 1571 3443 quae
1613 3346 1976 3421 antecedit
2009 3346 2445 3444 subscriptio
2485 3347 2822 3421 eiusdem

542 3479 712 3553 libri
738 3477 1278 3552 stichometrica
1304 3473 1782 3565 ΧΧΗΗΗΔΔ,
1810 3477 1889 3549 in
1924 3477 2073 3550 fine
2110 3487 2357 3551 autem
2384 3477 2564 3551 noni
2596 3477 2815 3550 haec:
2992 3510 2993 3555 ι

544 3602 1020 3681 ΗΡοΔοΤοΥ
1054 3584 1483 3679 ῐοΤοΡιρΝ
1535 3584 1586 3678 ὃ
1624 3601 2016 3678 xxHHrn.
2076 3605 2273 3703 (AB)
2812 3628 2819 3635 ·

749 3738 872 3811 26.
929 3732 1310 3809 Palatinus
1354 3737 1519 3813 176.
1569 3735 2018 3815 chartaceus.
2067 3735 2145 3807 in
2180 3733 2331 3817 fol..
2391 3734 2587 3808 XVI
2622 3759 2809 3808 saec.

541 3865 1069 3964 praescriptum
1153 3874 1268 3938 est
1351 3863 1664 3965 ἡροδότω
1745 3863 1946 3936 κλειὼ
2016 3864 2210 3964 χάριν
2283 3865 2554 3937 ὤπασεν
2630 3866 2811 3937 ἕστο-

542 3997 775 4098 ριάων.
835 3993 957 4091 (R)
2384 4066 2397 4077 ,

746 4124 868 4198 27.
933 4119 1312 4198 Palatinus
1350 4124 1525 4213 215,
1577 4122 2025 4209 chartaceus,
2075 4122 2155 4196 in
2192 4133 2358 4210 oct.,
2421 4123 2578 4196 XV
2622 4146 2806 4197 saec.

537 4255 901 4330 clauditur
944 4254 1183 4329 hisce:
1252 4251 1493 4334 τέλλος
1543 4254 1661 4326 σὺν
1697 4251 1840 4324 θεῶ
1876 4251 2079 4350 ἁγίω·
2137 4251 2402 4351 ἐγράφη
2445 4243 2530 4324 δι’
2577 4250 2810 4333 ἐξόδου

536 4390 738 4487 κυροῦ
789 4383 1068 4456 ἰωάννου
1114 4384 1386 4479 πρώτου
1439 4380 1672 4481 ἱερέως
1720 4388 1843 4482 τῆς
1895 4384 2152 4481 κρήτης
2198 4384 2316 4453 τοῦ
2379 4378 2759 4478 συμεονάκη
2792 4401 2807 4416 ·

536 4516 645 4588 καὶ
680 4515 885 4593 πόνος
921 4510 1198 4583 ἰωάννου
1236 4510 1469 4610 ἱερέως
1504 4514 1624 4581 τοῦ
1662 4513 1961 4609 σηρίγω·
2001 4513 2368 4607 σεπτευρίω
2413 4500 2506 4607 ἶ]
