3059 5125
1070 363 1484 425 -Η-
2301 365 2420 427 169

140 529 525 604 ἐπέστασαν
573 540 692 605 τοῦ
739 534 957 632 ἔργου.
1046 538 1082 606 ό
1132 535 1256 635 γὰρ
1275 531 1505 618 Ἄθως
1560 538 1699 612 ἐστὶ
1753 537 1910 636 ὄρος
1964 539 2136 634 μέγα
2189 563 2260 610 τε
2314 537 2422 608 καὶ

140 649 551 745 ὀνομαστόν,
600 653 672 736 ἐς
702 654 1051 728 θάλασσαν
1088 665 1399 757 κατῆκον,
1450 657 1813 756 οἰκημένον
1852 651 1980 730 ὑπὸ
2018 654 2417 756 ἀνθρώπων.

138 771 225 869 τῇ
287 769 369 841 δὲ
416 773 699 872 τελευτᾷ
755 774 827 856 ές
877 778 997 874 τὴν
1055 778 1334 876 ἤπειρον
1390 779 1465 850 τδ
1525 778 1704 877 ὄρος,
1762 777 2321 878 χερσονησοειδές
2351 802 2422 848 τε

138 889 279 962 ἐστὶ
336 894 453 964 καὶ
505 892 746 987 ἰσθμὸς
805 898 899 976 ὡς
935 894 1235 969 δυώδεκα
1287 897 1612 971 σταδίων·
1703 899 1931 969 πεδίον
1972 895 2045 969 δὲ
2081 902 2278 969 τοῦτο
2316 898 2422 967 καὶ

83 1038 105 1085 5
139 1007 437 1081 κολωνοὶ
482 1011 562 1082 οὐ
615 1013 898 1109 μεγάλοι
934 1014 1007 1087 έκ
1047 1015 1399 1115 θαλάσσης
1432 1024 1559 1116 τῆς
1585 1007 1971 1089 Ἀκανθίων
2010 1016 2120 1089 ἐπὶ
2157 1015 2419 1088 θάλασ-

138 1154 258 1200 σαν
300 1133 434 1228 τὴν
472 1128 690 1203 ἀντίον
728 1130 1069 1234 Τορώνης.
1145 1135 1214 1207 ἐν
1253 1135 1327 1208 δὲ
1364 1140 1465 1233 τῷ
1492 1137 1719 1233 ι’σθμῷ
1750 1139 2004 1233 τούτῳ,
2060 1135 2131 1215 ἐς
2160 1138 2271 1207 τὸν
2309 1159 2418 1205 τε-

140 1248 349 1347 λευτᾷ
414 1251 451 1322 ὁ
494 1237 759 1341 Ἄθως,
817 1253 1005 1353 Σάνη
1060 1255 1255 1338 πόλις
1301 1243 1569 1338 ζΕλλὰς
1621 1256 1924 1355 οἴκηται,
1983 1258 2050 1328 αἱ
2108 1255 2183 1327 δὲ
2234 1254 2422 1334 έκτδς

137 1367 413 1468 Σάνης,
463 1369 604 1444 ἔσω
656 1369 731 1442 δὲ
766 1378 884 1444 τοῦ
908 1358 1095 1446 Ἄθω
1131 1375 1518 1474 οἰκημέναι,
1571 1376 1692 1456 τὰς
1725 1379 1875 1448 τότε
1918 1376 1954 1447 ό
1989 1374 2262 1474 Πέρσης
2293 1400 2419 1471 νη-

139 1491 463 1571 σιώτιδας
509 1489 657 1564 ἀντὶ
717 1493 1179 1592 ἠπειρωτίδων
1236 1497 1517 1595 ὥρμητο
1571 1494 1822 1569 ποιέειν
1851 1519 1865 1533 ·
1942 1496 2066 1568 εἰσὶ
2122 1493 2197 1565 δὲ
2250 1491 2418 1581 αἵδε,

83 1638 108 1683 u
141 1611 295 1682 Δῖον
316 1599 699 1708 Ὀλόφυξος
727 1603 1108 1711 Ἀκρόθωον
1148 1613 1403 1695 Θύσσος
1434 1612 1770 1687 Κλεωναί.
1812 1614 2045 1695 πόλιες
2075 1612 2196 1708 μὲν
2228 1611 2420 1684 αὗται
2453 1618 2533 1677 23

142 1730 211 1801 αἲ
246 1733 362 1801 τὸν
393 1719 636 1803 Ἀθων
673 1734 1028 1827 νέμονται,
1080 1736 1383 1832 ὤρυσσον
1435 1733 1509 1806 δὲ
1549 1734 1683 1806 ὦδε
1722 1734 2088 1829 δασάμενοι
2125 1736 2238 1804 τὸν
2274 1739 2416 1828 χῶ-

144 1876 255 1946 ρον
295 1854 359 1922 οἱ
400 1851 732 1952 βάρβαροι
788 1851 954 1923 κατὰ
991 1851 1214 1925 ἔθνεα.
1291 1853 1455 1926 κατὰ
1491 1852 1722 1951 Σάνην
1770 1853 1966 1926 πόλιν
2002 1849 2422 1950 σχοινοτενὲς

141 1972 632 2068 ποιησάμενοι,
693 1971 912 2043 ἐπείτε
955 1972 1204 2069 ἐγίνετο
1258 1972 1477 2073 βαθέα
1514 1974 1561 2069 ἡ
1610 1973 1887 2070 διῶρυξ,
1937 1975 1999 2043 οἰ
2038 1971 2158 2065 μὲν
2200 1974 2414 2042 κατώ-

144 2115 309 2162 τατα
348 2092 675 2171 ἑστεῶτες
711 2094 1052 2190 ὤρυσσον,
1108 2093 1324 2191 ἕτεροι
1361 2092 1436 2165 δὲ
1470 2093 1914 2191 παρεδίδοσαν
1954 2095 2065 2163 τὸν
2105 2092 2236 2162 αἰεὶ
2271 2089 2417 2169 ἐξο-

90 2234 117 2281 5
149 2213 553 2305 ρυσσόμενον
593 2216 760 2307 χοῦν
801 2209 1062 2284 ἄλλοισι
1100 2212 1471 2311 κατύπερθε
1510 2213 1790 2286 ἑστεῶσι
1833 2212 1942 2283 ἐπὶ
1995 2210 2305 2310 βάθρων,
2359 2211 2420 2279 οἱ

149 2321 199 2397 δ’
245 2333 331 2402 αὖ
370 2330 798 2423 ἐκδεκόμενοι
834 2329 1156 2429 ἑτέροισι,
1213 2330 1346 2412 ἕως
1401 2329 1716 2403 ἀπίκοντο
1753 2331 2016 2411 ἐςιτοὺς
2051 2327 2414 2401 ἀνωτάτω·

149 2448 325 2522 οὗτοι
381 2448 457 2521 δὲ
504 2448 859 2547 ἐξεφόρεόν
918 2474 988 2520 τε
1028 2453 1139 2522 καὶ
1175 2449 1559 2551 ἐξέβαλλον.
1636 2455 1806 2522 τοῖσι
1845 2450 1964 2542 μέν
2004 2473 2115 2518 νυν
2154 2446 2420 2520 ἄλλοισι

151 2569 319 2667 πλὴν
357 2570 685 2643 Φοινίκων
747 2573 1361 2668 καταρρηγνύμενοι
1416 2572 1479 2640 οἱ
1539 2572 1827 2669 κρημνοὶ
1876 2574 1994 2640 τοῦ
2042 2568 2422 2666 ὀρύγματος

150 2691 341 2760 πόνον
400 2690 760 2787 διπλήσιον
807 2693 1179 2788 παρεῖχον·
1256 2689 1371 2762 ἅτε
1423 2687 1548 2787 γὰρ
1601 2694 1719 2761 τοῦ
1772 2715 1845 2760 τε
1893 2687 2038 2760 ἄνω
2090 2690 2421 2780 στόματος

85 2831 126 2880 2⁰
157 2811 252 2878 καὶ
285 2815 405 2881 τοῦ
442 2810 626 2882 κάτω
661 2808 747 2881 τὰ
783 2807 953 2880 αὐτὰ
991 2808 1202 2907 μέτρα
1237 2809 1677 2903 ποιευμένων,
1720 2807 1964 2903 ἔμελλέ
2003 2833 2119 2901 σφι
2155 2812 2421 2877 τοιοῦτο

155 2923 641 3029 ἀποβήσεσθαι.
737 2930 799 3000 οἱ
854 2926 928 2999 δὲ
965 2927 1267 3010 Φοίνικες
1302 2933 1549 3028 σοφίην
1587 2928 1659 3000 ἔν
1695 2954 1767 3000 τε
1804 2930 1971 3000 τοῖσι
2005 2924 2267 2997 ἄλλοισι
2305 2925 2415 3023 έρ-

157 3073 312 3141 γοισι
349 3049 856 3122 ἀποδείκνυνται
909 3049 1016 3119 καὶ
1062 3047 1149 3145 δὴ
1209 3050 1318 3118 καὶ
1355 3046 1425 3119 έν
1466 3047 1720 3144 ἐκείνῳ.
1796 3044 2259 3140 ἀπολαχόντες
2292 3044 2420 3139 γὰρ

162 3168 376 3265 μόριον
414 3169 573 3241 ὅσον
615 3168 877 3239 αὐτοῖσι
934 3166 1311 3267 ἐπέβαλλε,
1363 3169 1666 3265 ὤρυσσον
1719 3168 1795 3237 τὸ
1857 3162 1976 3256 μὲν
2033 3161 2173 3234 ἄνω
2207 3165 2420 3253 στόμα

159 3292 269 3383 τῆς
314 3288 649 3387 διώρυχος
700 3291 1048 3366 ποιεῦντες
1112 3283 1463 3384 διπλήσιον
1517 3286 1563 3383 ἢ
1618 3286 1776 3356 ὅσον
1826 3282 1970 3355 ἔδεε
2033 3281 2244 3378 αὐτὴν
2298 3283 2419 3377 τὴν

89 3421 133 3469 25
164 3402 441 3504 διώρυχα
476 3405 834 3504 γενέσθαι,
887 3405 1372 3506 προβαίνοντος
1422 3402 1497 3477 δὲ
1534 3410 1652 3476 τοῦ
1689 3402 1887 3500 ἔργου
1924 3411 2208 3502 συνῆγον
2247 3399 2416 3470 αἰεί·

180 3594 237 3600 -·-
250 3598 363 3604 ⁴-.—.
378 3597 615 3605 fflmm„
654 3598 753 3603 --—

354 3697 432 3747 10.
474 3693 802 3748 Eustathius
830 3694 896 3747 11.
928 3712 978 3764 p.
1012 3695 1129 3744 291.
1174 3722 1233 3731 -
1281 3695 1359 3744 12.
1408 3691 1733 3761 (Hesychius
1761 3709 1809 3742 v.
1837 3689 2161 3762 σχοινοτενές)

258 3850 295 3901 1.
337 3849 612 3904 ἐπέπεσαν
639 3849 699 3909 d,
729 3847 1029 3901 ἐπεστάτεον
1056 3848 1190 3901 I’Rz
1260 3848 1281 3908 11
1354 3846 1475 3910 ἐστὶ]
1508 3845 1561 3903 ἐς
1584 3846 1643 3896 τὸ
1673 3844 1721 3895 C
1801 3845 1823 3907 11
1894 3845 1940 3892 2.
1996 3838 2304 3908 ούνομαστόν
2329 3856 2354 3888 z
2403 3837 2421 3902 ΙΙ

172 3916 209 3965 1.
244 3916 483 3972 ‘otinas-aaz
531 3921 555 3983 11
602 3919 708 3982 καὶ]
733 3917 823 3970 καὶ
849 3916 991 3970 0513
1036 3919 1059 3980 11
1110 3919 1155 3967 5.
1200 3914 1520 3985 θαλάττηςά
1562 3917 1585 3977 11
1635 3917 1683 3964 6.
1729 3913 1780 3969 ἐς
1807 3910 1861 3962 δν
1888 3911 1949 3962 d:
1996 3912 2018 3973 ΙΙ
2067 3911 2113 3958 7.
2158 3907 2299 3962 ἐκτὸς
2329 3906 2416 3957 R:

170 3981 285 4045 ἐντὸς
350 3990 373 4052 11
444 3992 493 4040 9.
538 3986 739 4057 ὅρμητο
766 3987 823 4039 R
892 3989 915 4051 11
986 3984 1041 4037 δὲ
1069 4003 1174 4037 om.
1205 4002 1232 4035 z
1301 3987 1324 4049 11
1400 3986 1476 4034 10.
1520 3982 1625 4035 δίον
1651 3980 1818 4034 ABP
1880 3980 1902 4042 11
1976 3977 2259 4047 ἀκρόθωιον
2286 3976 2412 4032 ΑΒ,

175 4101 409 4173 Αιρόθοον
434 4127 461 4161 2
521 4112 544 4174 ιι
610 4106 796 4164 νόσους
825 4106 909 4158 Β,
959 4072 1152 4164 θύοσὲἒ
1174 4106 1250 4166 P,
1291 4102 1452 4159 Θύσος
1477 4120 1520 4162 2,
1555 4100 1736 4153 νύσσαν
1766 4096 1957 4167 reliqui
2015 4099 2037 4161 ιι
2093 4093 2360 4178 112023121
2401 4093 2420 4159 ιι

174 4172 288 4235 ΐῦλῑς
310 4179 482 4239 ABG,
514 4176 693 4234 πόλεις
720 4176 817 4228 Rd
863 4178 886 4240 11
942 4176 1020 4226 ll.
1051 4173 1167 4226 ἅθω
1198 4175 1291 4226 Ra
1333 4175 1356 4236 11
1408 4171 1522 4223 ὦδε.
1557 4169 1828 4236 δασάμενοι
1852 4166 1941 4218 vul
1982 4183 2014 4217 o
2062 4167 2084 4228 ΙΙ
2137 4164 2214 4213 12.
2247 4159 2411 4222 εθνεα,

172 4245 277 4296 κατὰ
306 4246 466 4316 vulgo
553 4247 577 4310 11
668 4246 746 4295 13.
800 4243 965 4296 ἐπείτε
999 4242 1221 4312 scripsi:
1274 4242 1380 4294 ἐπεὶ
1418 4239 1473 4291 δὲ
1506 4238 1574 4290 L.
1628 4235 1802 4303 ἐπειδὴ
1841 4234 1956 4286 Bek
2002 4250 2061 4285 er
2128 4234 2149 4295 11
2220 4227 2416 4299 ἐγένετο

179 4310 271 4388 B&
311 4319 333 4379 11
378 4315 571 4384 βαθεῖα
596 4316 649 4368 L
695 4316 718 4377 11
771 4314 851 4363 14.
881 4311 1093 4381 ὄρυσσον
1121 4313 1158 4363 d
1202 4314 1224 4375 11
1272 4313 1349 4360 15.
1380 4307 1692 4376 κατύπερθεν
1721 4304 1810 4355 Ra
1825 4306 1867 4388 ‚n
1913 4304 1990 4354 16.
2023 4300 2315 4352 ἀπικνέοντο
2331 4296 2420 4416 ,ΡᾸΙ

175 4385 541 4439 wmdszB
600 4386 624 4448 11
692 4384 771 4432 ¹8.
812 4379 1248 4450 καταρηγνύμενοι
1274 4380 1385 4431 ΑΒ
1442 4379 1464 4441 11
1529 4378 1606 4426 19.
1649 4372 1930 4436 άτε1αυται
1962 4372 2007 4422 Ο
2056 4372 2078 4433 ΙΙ
2137 4370 2218 4419 20.
2259 4366 2381 4417 τάυτ

178 4447 220 4500 R
265 4454 284 4515 ΙΙ
337 4458 565 4506 τοιοῦτον
593 4452 727 4505 PR:
785 4453 809 4516 11
870 4452 952 4500 22.
994 4451 1089 4519 γάρ
1117 4465 1224 4501 om.
1260 4448 1306 4500 C
1369 4449 1390 4511 11
1462 4447 1544 4495 23.
1590 4441 1803 4512 ἐπέβαλε
1831 4442 1890 4493 dz
1960 4442 1982 4504 11
2053 4440 2135 4489 2⁴.
2179 4435 2352 4489 ἔδειΙ,
2400 4434 2418 4502 ι1

178 4517 240 4570 25.
273 4521 346 4575 ἀεὶ
368 4525 406 4577 d
