3059 5125
663 321 744 381 64
1596 320 1999 383 -Ε-

663 489 737 562 δὲ
770 498 980 563 ταῦτα
1009 494 1374 589 προστάξαι
1412 494 1505 565 ἑνὶ
1542 503 1676 565 τῶν
1714 495 2147 590 θεραπόντων
2184 494 2459 565 δείπνου
2490 491 2852 590 προκειμένου

663 611 852 707 αὐτῷ
894 610 965 691 ἐς
1006 614 1149 709 τρὶς
1185 612 1494 684 ἑκάστοτε
1553 615 1757 684 εἰπεῖν
1806 599 2185 700 “ὃέσποτα,
2248 612 2502 706 μέμνεο
2556 619 2675 683 τῶν
2696 603 2854 706 Ἀθη-

530 738 650 797 106
663 720 923 802 ναίων.”
1020 732 1398 828 προστάξας
1440 729 1516 802 δὲ
1552 737 1764 802 ταῦτα
1801 730 1966 818 εἶπε,
2006 730 2298 810 καλέσας
2334 730 2407 811 ἐς
2443 730 2589 827 ὄψιν
2610 725 2853 802 Ἱστιαῖον

661 854 773 921 τὸν
817 844 1183 947 Μιλήσιον,
1240 853 1352 920 τὸν
1404 851 1439 921 ό
1491 847 1772 948 Δαρεῖος
1824 852 2095 946 κατεῖχε
2154 853 2398 948 χρόνον
2462 849 2597 948 ἤδη
2644 850 2852 931 πολλόν

652 957 1128 1061 “πυνθάνομαι
1190 956 1468 1039 Ιστιαῖε
1540 969 1894 1068 ἐπίτροπον
1954 972 2068 1040 τὸν
2135 972 2291 1055 σόν,
2346 971 2449 1065 τῷ
2487 971 2566 1041 σὺ
2620 964 2909 1065 Μίλητονδ

663 1088 1065 1185 ἐπέτρεψας,
1121 1092 1417 1185 νεώτερα
1470 1087 1541 1169 ἐς
1590 1088 1715 1182 ἐμὲ
1750 1089 2187 1186 πεποιηκέναι
2222 1093 2627 1186 πρήγματα
2676 1087 2855 1184 ἄνδρας
2958 1088 2959 1117 ¹

662 1208 790 1305 γάρ
846 1233 957 1300 μοι
1007 1207 1081 1279 ἐκ
1131 1214 1255 1305 τῆς
1313 1206 1555 1305 ἑτέρης
1601 1208 1886 1305 ἠπείρου
1931 1206 2326 1303 ἐπαγαγών,
2384 1210 2491 1278 καὶ
2528 1195 2745 1285 Ιωνας
2776 1208 2855 1278 σὺν

529 1376 558 1397 0
664 1326 926 1398 αὐτοῖσι
987 1327 1142 1405 τοὺς
1203 1326 1546 1405 δώσοντας
1595 1326 1746 1419 ἐμοὶ
1801 1326 1991 1425 δίκην
2039 1335 2174 1396 τῶν
2232 1326 2596 1425 ἐποίησαν,
2648 1327 2857 1401 τούτους

663 1446 1060 1541 ἀναγνώσας
1096 1444 1236 1538 ἅμα
1273 1444 1577 1516 ἐκείνοισι
1615 1444 1935 1533 ἕπεσθαι,
1985 1444 2291 1544 Σαρδίων
2353 1471 2436 1538 με
2489 1444 2854 1541 ἀπεστέρησε.

661 1572 775 1637 νῦν
830 1569 924 1635 ὧν
976 1571 1111 1644 κῶς
1157 1589 1261 1634 τοι
1314 1570 1526 1635 ταῦτα
1575 1569 1877 1661 φαίνεται
1932 1563 2114 1662 ἔχειν
2162 1565 2423 1647 καλῶςς
2494 1573 2625 1645 κῶς
2657 1561 2720 1634 δὲ
2746 1561 2858 1632 ἄνευ
2882 1578 2917 1624 ιθ

662 1693 795 1756 τῶν
842 1692 978 1757 σῶν
1034 1682 1508 1783 βουλευμάτων
1567 1686 1865 1755 τοιοῦτόν
1932 1709 1996 1755 τι
2065 1684 2427 1782 ἐπρήχθης
2505 1685 2627 1782 ὅρα
2682 1685 2760 1779 μὴ
2810 1681 2858 1757 ἐξ

665 1802 952 1901 ὑστέρης
989 1804 1277 1877 σεωυτὸν
1318 1801 1387 1873 ἐν
1428 1803 1609 1899 αἰτίῃ
1648 1789 1881 1900 σχῇςΫ
1979 1802 2125 1875 εἶπε
2174 1806 2344 1900 πρὸς
2380 1809 2589 1874 ταῦτα
2614 1791 2860 1875 Ionaion

651 1909 1005 2023 “βασιλεῦ,
1044 1926 1220 1992 κοῖον
1258 1920 1666 2018 ἐφθέγξαο”
1632 1946 1814 2009 επος,
1854 1919 1977 2014 ἐμὲ
2014 1920 2370 2021 βουλεῦσαι
2398 1931 2673 2021 πρῆγμα
2697 1920 2760 1991 ἐκ
2778 1923 2859 1987 τοῦ
2958 1944 2959 2013 j

664 2046 769 2115 σοί
820 2067 884 2112 τι
933 2041 978 2138 ἢ
1022 2039 1274 2138 μέγαή
1315 2042 1591 2137 σμικρὸν
1631 2039 1877 2132 ἔμελλε
1921 2040 2221 2138 λυπηρὸν
2257 2038 2693 2139 άνασχήσειν;
2737 2042 2785 2108 τί
2810 2029 2853 2106 3

662 2158 742 2233 ἂν
783 2160 1251 2258 ἐπιδιζήμενος
1285 2157 1581 2253 ποιέοιμι
1615 2164 1847 2246 ταῦτα,
1886 2166 2000 2230 τεῦ
2035 2157 2112 2230 δὲ
2148 2159 2383 2257 ἐνδεὴς
2412 2159 2581 2243 ἐών;
2618 2158 2861 2254 τῷπάρα
2886 2170 2919 2218 1⁵

665 2278 783 2374 μὲν
819 2280 1037 2351 πάντα
1074 2278 1200 2350 ὅσα
1258 2303 1384 2375 περ
1434 2281 1581 2364 σοί,
1630 2277 1899 2349 πάντων
1951 2277 2023 2348 δὲ
2072 2280 2242 2376 πρὸς
2291 2276 2410 2349 σέο
2459 2272 2861 2378 βουλευμάτων

663 2398 1015 2470 ἐπακούειν
1055 2394 1379 2490 άξιεῦμαι.
1468 2390 1608 2466 ἀλλ’
1669 2397 1854 2495 εἴπερ
1906 2423 1968 2468 τι
2012 2401 2313 2468 τοιοῦτον
2352 2393 2499 2468 οἷον
2538 2399 2619 2469 σὺ
2652 2398 2863 2492 εἴρηκας

662 2521 953 2617 πρήσσει
1008 2516 1044 2587 ὁ
1095 2514 1257 2609 ἐμὸς
1305 2515 1696 2613 ἐπίτροπος,
1754 2515 1893 2589 ἴσθι
1949 2514 2148 2587 αὐτὸν
2205 2505 2313 2588 ἐπ’
2373 2515 2628 2588 ἑωυτοῦ
2670 2512 2860 2615 βαλλό-

665 2663 860 2731 μενον
915 2634 1383 2733 πεποιηκέναι.
1475 2631 1696 2733 ἀρχὴν
1753 2632 1827 2706 δὲ
1880 2633 2097 2731 ἔγωγε
2164 2633 2322 2706 οὐδὲ
2388 2634 2730 2729 ἐνδέκομαι
2783 2630 2861 2699 τὸν

665 2756 902 2850 λόγον,
967 2754 1144 2836 ὅκως
1198 2779 1262 2825 τι
1314 2749 1640 2852 Μιλήσιοι
1699 2756 1808 2824 καὶ
1874 2754 1911 2825 ὁ
1968 2753 2131 2847 ἐμὸς
2184 2752 2542 2852 ἐπίτροπος
2605 2754 2921 2846 νεώτερονέ·

661 2877 1041 2973 πρήσσουσι
1099 2876 1254 2972 περὶ
1311 2877 1679 2971 πρήγματα
1734 2873 1818 2943 τὰ
1879 2873 1987 2945 σά.
2096 2873 2154 2943 εἰ
2214 2864 2272 2942 δ’
2347 2870 2480 2970 ἄρα
2541 2898 2602 2944 τι
2663 2871 2863 2941 τοιοῦτο

662 2998 925 3064 ποιεῦσι
961 2993 1071 3063 καὶ
1105 2994 1186 3064 σὺ
1222 2994 1300 3062 τὸ
1336 2991 1446 3063 ἐὸν
1482 2990 1778 3090 ἀκήκοας
1814 2990 1871 3062 ὦ
1910 2990 2220 3092 βασιλεῦ,
2262 2990 2441 3084 μάθε
2478 2990 2613 3063 οἷον
2644 2996 2861 3087 πρῆγμα

664 3110 954 3210 ἐργάσαο
1019 3109 1144 3205 ἐμὲ
1205 3108 1339 3182 ἀπὸ
1385 3110 1742 3209 θαλάσσης
1809 3107 2229 3183 ἀνάσπαστον
2289 3114 2601 3209 ποιήσας.
2684 3094 2861 3179 Ἴωνες

661 3230 788 3328 γὰρ
843 3230 1064 3302 οἴκασι
1118 3230 1280 3322 ἐμεῦ
1334 3229 1402 3310 ἐξ
1453 3229 1827 3326 ὀφθαλμῶν
1878 3256 1996 3327 σφι
2047 3228 2412 3325 γενομένου
2467 3238 2725 3329 ποιῆσαι
2767 3226 2860 3292 τῶν

659 3349 868 3422 πάλαι
920 3347 1147 3447 ἵμερον
1203 3348 1385 3444 εἶχον
1412 3372 1426 3385 ·
1505 3347 1668 3441 ἐμέο
1720 3336 1780 3420 δ’
1844 3346 1925 3420 ἂν
1980 3348 2206 3428 ἐόντος
2263 3346 2333 3419 ἐν
2377 3337 2605 3445 Ἰωνίῃ
2643 3342 2859 3433 οὐδεμία
2882 3356 2921 3406 2⁵

659 3469 857 3549 πόλις
894 3466 1270 3566 ὑπεκίνησε.
1359 3472 1470 3537 νῦν
1529 3466 1623 3535 ὧν
1678 3470 1772 3547 ὡς
1817 3466 2023 3563 τάχος
2069 3464 2235 3547 ἄπες
2289 3492 2374 3560 με
2409 3464 2785 3565 πορευθῆναι
2810 3456 2859 3533 ἐς

870 3759 918 3809 5.
959 3755 1280 3827 πυνθάνομαι
1306 3786 1334 3796 -
1360 3758 1391 3809 6
1415 3756 1693 3828 πρήγματα
1716 3755 1958 3810 Lexicon
1983 3754 2220 3811 vindob.
2247 3772 2302 3827 p.
2337 3756 2434 3807 127

766 3904 813 3955 3.
858 3903 1061 3957 ιστίαιον
1086 3904 1195 3958 AB
1218 3903 1347 3956 item
1390 3921 1457 3957 ue
1482 3903 1640 3965 infra,
1671 3901 1876 3956 ἱστίαιον
1908 3902 1957 3956 0
1976 3900 2342 3964 ‘constanteffl
2385 3899 2555 3953 ίστίαιε
2576 3900 2615 3952 d
2632 3897 2745 3951 itam
2762 3905 2857 3945 ⁰⁰¹¹·

661 3979 871 4027 stanter
926 3975 949 4038 ss
1020 3975 1068 4024 4.
1111 3970 1176 4040 δὴ
1201 3974 1309 4026 ΑΒ
1461 3975 1483 4038 ΙΙ
1556 3977 1603 4024 5
1639 3969 1845 4025 Ἱστιαῖε
1870 3988 1976 4024 om.
2008 3972 2047 4024 d
2103 3972 2125 4034 11
2184 3971 2233 4020 6.
2274 3986 2407 4022 πεπο
2584 3985 2601 4019 ι
2633 3962 2817 4031 &epit

662 4045 711 4094 9.
753 4041 938 4094 ἄπεστί
1090 4059 1122 4093 r
1180 4044 1202 4106 ΙΙ
1263 4043 1341 4092 10
1383 4049 1489 4099 κῶς
1512 4045 1720 4093 τοιαῦτα
1742 4041 1973 4111 φαίνεται
2007 4040 2068 4102 d,
2109 4045 2217 4094 κῶς
2248 4054 2329 4090 τοι
2456 4055 2589 4089 νεται
2620 4039 2814 4087 roz-'stan

662 4110 720 4164 δὲ
753 4109 931 4166 2:1de
1115 4113 1138 4174 ΙΙ
1226 4112 1308 4162 11.
1345 4109 1541 4161 τούτων
1577 4101 1706 4171 P‘r,
1779 4127 1856 4178 γρ.
1896 4107 2094 4160 τοιοῦτό
2131 4105 2227 4157 pm
2307 4107 2329 4170 ΙΙ
2404 4097 2816 4158 namura-0213

663 4179 922 4249 ἀναιτίηᾱ
964 4182 986 4243 ΙΙ
1035 4178 1133 4252 ἔχη
1139 4197 1181 4237 ις
1204 4177 1420 4232 AB¹Cd
1463 4181 1486 4242 ΙΙ
1534 4177 1562 4230 ὁ
1588 4175 1852 4234 Ιστιαῑοςε
1899 4179 1920 4240 ΙΙ
1967 4178 2046 4226 14.
2086 4174 2121 4244 ἢ
2106 4174 2295 4302 ομῖιι]
2325 4173 2513 4244 μέγαᾱ
2536 4176 2578 4258 οΙ
2622 4189 2704 4240 μικ

660 4247 887 4318 λυπηρὸν
923 4197 1133 4316 ἔμελλέν
1168 4265 1199 4300 r
1268 4250 1289 4312 ΙΙ
1360 4245 1417 4299 δὲ
1455 4265 1487 4298 r
1556 4249 1577 4309 ΙΙ
1652 4248 1732 4297 15.
1785 4244 2104 4314 ἑπιὸειζήμεν

669 4318 745 4367 18.
785 4317 1030 4402 πρήσσειν
1061 4335 1093 4369 r
1160 4318 1183 4380 ΙΙ
1255 4314 1344 4369 ἐπ
1382 4332 1489 4367 om.
1533 4314 1571 4365 d
1636 4317 1659 4380 ΙΙ
1728 4244 2008 4400 βαλόμενον
2014 4262 2133 4366 ΟΡ
2192 4314 2217 4376 ΙΙ
2302 4314 2383 4364 19.
2420 4309 2715 4380 πεπρηχὲναι
2620 4295 2857 4361 ἐναιΡνὸί

663 4386 747 4438 21.
775 4383 876 4454 ἆρά
899 4386 1015 4438 ΑΒ
1060 4387 1083 4449 ΙΙ
1129 4387 1545 4437 ποιεῦσιτοιοῦτο
1567 4399 1599 4435 r
1642 4386 1665 4448 ΙΙ
1714 4385 1795 4435 25.
1838 4381 2051 4451 οὐδεμίη
2076 4380 2137 4433 dz
2273 4382 2358 4432 26.
2386 4378 2509 4450 ἄφες
2535 4396 2595 4447 με
2618 4372 2855 4434 ABOEF‘

659 4450 786 4525 ἄφες
810 4451 1007 4523 reliqui

2327 4247 2350 4308 ΙΙ
2422 4243 2689 4309 ποιοῑμιΑ
