<?xml version="1.0" encoding="UTF-8"?>
<!DOCTYPE html PUBLIC "-//W3C//DTD XHTML 1.0 Transitional//EN"
    "http://www.w3.org/TR/xhtml1/DTD/xhtml1-transitional.dtd">
<html xmlns="http://www.w3.org/1999/xhtml" xml:lang="en" lang="en">
 <head>
  <title>
</title>
<meta http-equiv="Content-Type" content="text/html;charset=utf-8" />
  <meta name='ocr-system' content='tesseract 3.04.00' />
  <meta name='ocr-capabilities' content='ocr_page ocr_carea ocr_par ocr_line ocrx_word'/>
</head>
<body>
  <div class='ocr_page' id='page_1' title='image "./herodotihistori00unkngoog/herodotihistori00unkngoog_0065.png"; bbox 0 0 3059 5125; ppageno 0'>
   <div class='ocr_carea' id='block_1_1' title="bbox 1279 312 2569 377">
    <p class='ocr_par' dir='ltr' id='par_1_1' title="bbox 1279 312 2569 377">
     <span class='ocr_line' id='line_1_1' title="bbox 1279 312 2569 377; baseline 0.009 -12"><span class='ocrx_word' id='word_1_1' title='bbox 1279 312 1566 366; x_wconf 74' lang='lat' dir='ltr'><strong>Praefatio.</strong></span> <span class='ocrx_word' id='word_1_2' title='bbox 2485 334 2569 377; x_wconf 79' lang='lat' dir='ltr'><strong>LV</strong></span> 
     </span>
    </p>
   </div>
   <div class='ocr_carea' id='block_1_2' title="bbox 273 477 2573 4580">
    <p class='ocr_par' dir='ltr' id='par_1_2' title="bbox 273 477 2573 4580">
     <span class='ocr_line' id='line_1_2' title="bbox 277 477 2563 586; baseline -0 -27"><span class='ocrx_word' id='word_1_3' title='bbox 277 491 791 560; x_wconf 74' lang='grc' dir='ltr'>συνεπεπτώκεε</span> <span class='ocrx_word' id='word_1_4' title='bbox 830 486 972 585; x_wconf 81' lang='grc' dir='ltr'><strong>ἔρις</strong></span> <span class='ocrx_word' id='word_1_5' title='bbox 1016 485 1223 560; x_wconf 80' lang='grc' dir='ltr'>ἐοῦσα</span> <span class='ocrx_word' id='word_1_6' title='bbox 1266 489 1437 586; x_wconf 83' lang='grc' dir='ltr'><strong>πρὸς</strong></span> <span class='ocrx_word' id='word_1_7' title='bbox 1481 477 1837 586; x_wconf 75' lang='grc' dir='ltr'><strong>Ἀργείους</strong></span> <span class='ocrx_word' id='word_1_8' title='bbox 1870 490 2021 585; x_wconf 82' lang='grc' dir='ltr'><strong>περὶ</strong></span> <span class='ocrx_word' id='word_1_9' title='bbox 2055 491 2289 585; x_wconf 84' lang='grc' dir='ltr'>χώρου</span> <span class='ocrx_word' id='word_1_10' title='bbox 2326 487 2563 560; x_wconf 77' lang='grc' dir='ltr'><strong>καλεο-</strong></span> 
     </span>
     <span class='ocr_line' id='line_1_3' title="bbox 283 612 2568 715; baseline 0 -28"><span class='ocrx_word' id='word_1_11' title='bbox 283 616 496 709; x_wconf 87' lang='grc' dir='ltr'><strong>μένου</strong></span> <span class='ocrx_word' id='word_1_12' title='bbox 551 613 940 712; x_wconf 78' lang='grc' dir='ltr'><strong>Θυρέης·</strong></span> <span class='ocrx_word' id='word_1_13' title='bbox 1014 612 1165 695; x_wconf 84' lang='grc' dir='ltr'><strong>τὰς</strong></span> <span class='ocrx_word' id='word_1_14' title='bbox 1231 612 1391 713; x_wconf 74' lang='grc' dir='ltr'><strong>γὰρ</strong></span> <span class='ocrx_word' id='word_1_15' title='bbox 1446 613 1782 714; x_wconf 87' lang='grc' dir='ltr'><strong>Θυρέας</strong></span> <span class='ocrx_word' id='word_1_16' title='bbox 1846 617 2093 695; x_wconf 84' lang='grc' dir='ltr'><strong>ταύτας</strong></span> <span class='ocrx_word' id='word_1_17' title='bbox 2147 614 2390 695; x_wconf 84' lang='grc' dir='ltr'><strong>ἐούσας</strong></span> <span class='ocrx_word' id='word_1_18' title='bbox 2444 624 2568 715; x_wconf 82' lang='grc' dir='ltr'><strong>τῆς</strong></span> 
     </span>
     <span class='ocr_line' id='line_1_4' title="bbox 273 732 2564 841; baseline 0.001 -27"><span class='ocrx_word' id='word_1_19' title='bbox 273 732 686 841; x_wconf 76' lang='grc' dir='ltr'><strong>Ἀργολίδος</strong></span> <span class='ocrx_word' id='word_1_20' title='bbox 722 742 864 815; x_wconf 87' lang='grc' dir='ltr'><strong>κτλ.</strong></span> <span class='ocrx_word' id='word_1_21' title='bbox 955 752 1176 838; x_wconf 85' lang='lat' dir='ltr'><strong>atque</strong></span> <span class='ocrx_word' id='word_1_22' title='bbox 1211 744 1485 816; x_wconf 86' lang='lat' dir='ltr'>ibidem</span> <span class='ocrx_word' id='word_1_23' title='bbox 1526 743 1782 839; x_wconf 87' lang='grc' dir='ltr'><strong>Θυρέας</strong></span> <span class='ocrx_word' id='word_1_24' title='bbox 1817 752 1892 815; x_wconf 83' lang='lat' dir='ltr'><strong>et</strong></span> <span class='ocrx_word' id='word_1_25' title='bbox 1928 742 2240 841; x_wconf 76' lang='grc' dir='ltr'><strong>Θυρέῃσι,</strong></span> <span class='ocrx_word' id='word_1_26' title='bbox 2280 752 2357 814; x_wconf 84' lang='lat' dir='ltr'><strong>at</strong></span> <span class='ocrx_word' id='word_1_27' title='bbox 2386 742 2437 815; x_wconf 85' lang='lat' dir='ltr'><strong>Z</strong></span> <span class='ocrx_word' id='word_1_28' title='bbox 2471 747 2564 817; x_wconf 89' lang='grc'><strong>76</strong></span> 
     </span>
     <span class='ocr_line' id='line_1_5' title="bbox 283 867 2571 969; baseline 0 -25"><span class='ocrx_word' id='word_1_29' title='bbox 283 897 538 944; x_wconf 82' lang='lat' dir='ltr'><strong>rursus</strong></span> <span class='ocrx_word' id='word_1_30' title='bbox 589 871 849 969; x_wconf 81' lang='grc' dir='ltr'><strong>Θυρέην</strong></span> <span class='ocrx_word' id='word_1_31' title='bbox 904 881 1033 944; x_wconf 83' lang='lat' dir='ltr'><strong>est.</strong></span> <span class='ocrx_word' id='word_1_32' title='bbox 1125 867 1426 944; x_wconf 86' lang='grc' dir='ltr'><strong>Μαλέων</strong></span> <span class='ocrx_word' id='word_1_33' title='bbox 1480 874 1556 944; x_wconf 88' lang='grc' dir='ltr'><strong>Α</strong></span> <span class='ocrx_word' id='word_1_34' title='bbox 1595 874 1689 944; x_wconf 89' lang='grc'><strong>82</strong></span> <span class='ocrx_word' id='word_1_35' title='bbox 1745 871 1874 966; x_wconf 86' lang='lat' dir='ltr'><strong>(sic</strong></span> <span class='ocrx_word' id='word_1_36' title='bbox 1908 872 2107 944; x_wconf 80' lang='lat' dir='ltr'><strong>enim</strong></span> <span class='ocrx_word' id='word_1_37' title='bbox 2141 870 2367 958; x_wconf 87' lang='lat' dir='ltr'><strong>volui,</strong></span> <span class='ocrx_word' id='word_1_38' title='bbox 2420 896 2571 944; x_wconf 91' lang='lat' dir='ltr'><strong>non</strong></span> 
     </span>
     <span class='ocr_line' id='line_1_6' title="bbox 284 994 2565 1096; baseline -0.001 -23"><span class='ocrx_word' id='word_1_39' title='bbox 284 1003 487 1096; x_wconf 86' lang='lat' dir='ltr'>quod</span> <span class='ocrx_word' id='word_1_40' title='bbox 547 1009 1066 1094; x_wconf 82' lang='lat' dir='ltr'><strong>expressenmt</strong></span> <span class='ocrx_word' id='word_1_41' title='bbox 1126 994 1525 1094; x_wconf 82' lang='grc' dir='ltr'><strong>Μαλεέων),</strong></span> <span class='ocrx_word' id='word_1_42' title='bbox 1599 995 1886 1092; x_wconf 78' lang='grc' dir='ltr'>Μαλέην</span> <span class='ocrx_word' id='word_1_43' title='bbox 1939 997 1992 1070; x_wconf 92' lang='grc' dir='ltr'>Δ</span> <span class='ocrx_word' id='word_1_44' title='bbox 2053 1000 2215 1072; x_wconf 88' lang='grc'><strong>179.</strong></span> <span class='ocrx_word' id='word_1_45' title='bbox 2277 998 2337 1071; x_wconf 78' lang='lat' dir='ltr'><strong>li</strong></span> <span class='ocrx_word' id='word_1_46' title='bbox 2401 1003 2565 1074; x_wconf 83' lang='lat'><strong>168.</strong></span> 
     </span>
     <span class='ocr_line' id='line_1_7' title="bbox 289 1128 2568 1225; baseline 0.001 -25"><span class='ocrx_word' id='word_1_47' title='bbox 289 1128 639 1202; x_wconf 79' lang='grc' dir='ltr'><strong>Πλάταιαν</strong></span> <span class='ocrx_word' id='word_1_48' title='bbox 689 1128 913 1202; x_wconf 82' lang='lat' dir='ltr'><strong>semel</strong></span> <span class='ocrx_word' id='word_1_49' title='bbox 963 1130 1158 1202; x_wconf 74' lang='lat' dir='ltr'><strong>dixit</strong></span> <span class='ocrx_word' id='word_1_50' title='bbox 1208 1129 1258 1199; x_wconf 88' lang='grc' dir='ltr'><strong>Θ</strong></span> <span class='ocrx_word' id='word_1_51' title='bbox 1302 1132 1424 1216; x_wconf 93' lang='grc'><strong>50,</strong></span> <span class='ocrx_word' id='word_1_52' title='bbox 1475 1153 1695 1223; x_wconf 85' lang='lat' dir='ltr'><strong>quam</strong></span> <span class='ocrx_word' id='word_1_53' title='bbox 1747 1128 2011 1201; x_wconf 75' lang='lat' dir='ltr'><strong>totiens</strong></span> <span class='ocrx_word' id='word_1_54' title='bbox 2047 1154 2246 1203; x_wconf 83' lang='lat' dir='ltr'><strong>more</strong></span> <span class='ocrx_word' id='word_1_55' title='bbox 2284 1129 2568 1225; x_wconf 83' lang='lat' dir='ltr'><strong>vulgari</strong></span> 
     </span>
     <span class='ocr_line' id='line_1_8' title="bbox 278 1255 2572 1356; baseline 0.001 -26"><span class='ocrx_word' id='word_1_56' title='bbox 278 1283 460 1330; x_wconf 83' lang='lat' dir='ltr'><strong>casu</strong></span> <span class='ocrx_word' id='word_1_57' title='bbox 509 1258 733 1330; x_wconf 81' lang='lat' dir='ltr'><strong>dandi</strong></span> <span class='ocrx_word' id='word_1_58' title='bbox 783 1258 1318 1354; x_wconf 85' lang='lat' dir='ltr'><strong>accusandique</strong></span> <span class='ocrx_word' id='word_1_59' title='bbox 1370 1256 1487 1331; x_wconf 85' lang='lat' dir='ltr'><strong>vel</strong></span> <span class='ocrx_word' id='word_1_60' title='bbox 1525 1255 1909 1356; x_wconf 81' lang='grc' dir='ltr'>Πλαταιῇσι</span> <span class='ocrx_word' id='word_1_61' title='bbox 1944 1266 2019 1330; x_wconf 85' lang='lat' dir='ltr'><strong>et</strong></span> <span class='ocrx_word' id='word_1_62' title='bbox 2056 1256 2422 1340; x_wconf 80' lang='grc' dir='ltr'><strong>Πλαταιάς,</strong></span> <span class='ocrx_word' id='word_1_63' title='bbox 2487 1271 2572 1332; x_wconf 87' lang='lat' dir='ltr'><strong>ut</strong></span> 
     </span>
     <span class='ocr_line' id='line_1_9' title="bbox 281 1387 2570 1484; baseline 0.001 -26"><span class='ocrx_word' id='word_1_64' title='bbox 281 1388 578 1481; x_wconf 79' lang='lat' dir='ltr'><strong>scripsit</strong></span> <span class='ocrx_word' id='word_1_65' title='bbox 631 1389 698 1460; x_wconf 82' lang='lat' dir='ltr'><strong><em>G</em></strong></span> <span class='ocrx_word' id='word_1_66' title='bbox 742 1395 964 1481; x_wconf 81' lang='lat' dir='ltr'><strong>atque</strong></span> <span class='ocrx_word' id='word_1_67' title='bbox 1013 1388 1382 1460; x_wconf 83' lang='lat' dir='ltr'><strong>interdum</strong></span> <span class='ocrx_word' id='word_1_68' title='bbox 1433 1388 1507 1459; x_wconf 83' lang='lat' dir='ltr'><strong><em>R</em></strong></span> <span class='ocrx_word' id='word_1_69' title='bbox 1567 1414 1663 1461; x_wconf 83' lang='lat' dir='ltr'><strong>ex</strong></span> <span class='ocrx_word' id='word_1_70' title='bbox 1711 1387 2117 1460; x_wconf 85' lang='lat' dir='ltr'><strong>Herodiani</strong></span> <span class='ocrx_word' id='word_1_71' title='bbox 2182 1399 2570 1484; x_wconf 82' lang='lat' dir='ltr'><strong>praecepto</strong></span> 
     </span>
     <span class='ocr_line' id='line_1_10' title="bbox 281 1514 2568 1611; baseline 0.001 -23"><span class='ocrx_word' id='word_1_72' title='bbox 281 1517 320 1588; x_wconf 97' lang='lat' dir='ltr'>I</span> <span class='ocrx_word' id='word_1_73' title='bbox 363 1542 436 1611; x_wconf 89' lang='lat' dir='ltr'><strong>p.</strong></span> <span class='ocrx_word' id='word_1_74' title='bbox 482 1516 656 1601; x_wconf 83' lang='lat'>273,</span> <span class='ocrx_word' id='word_1_75' title='bbox 703 1514 846 1602; x_wconf 81' lang='lat' dir='ltr'>vel,</span> <span class='ocrx_word' id='word_1_76' title='bbox 900 1526 985 1589; x_wconf 88' lang='lat' dir='ltr'><strong>ut</strong></span> <span class='ocrx_word' id='word_1_77' title='bbox 1018 1517 1097 1588; x_wconf 91' lang='lat' dir='ltr'><strong>in</strong></span> <span class='ocrx_word' id='word_1_78' title='bbox 1132 1518 1559 1611; x_wconf 83' lang='lat' dir='ltr'><strong>Archetypo</strong></span> <span class='ocrx_word' id='word_1_79' title='bbox 1609 1514 1752 1589; x_wconf 83' lang='lat' dir='ltr'><strong>fuit</strong></span> <span class='ocrx_word' id='word_1_80' title='bbox 1786 1521 1862 1588; x_wconf 76' lang='lat' dir='ltr'><strong>et</strong></span> <span class='ocrx_word' id='word_1_81' title='bbox 1893 1516 2045 1589; x_wconf 85' lang='lat' dir='ltr'><strong>AB</strong></span> <span class='ocrx_word' id='word_1_82' title='bbox 2080 1528 2568 1611; x_wconf 82' lang='lat' dir='ltr'><strong>perseverant,</strong></span> 
     </span>
     <span class='ocr_line' id='line_1_11' title="bbox 283 1642 2564 1742; baseline 0.001 -26"><span class='ocrx_word' id='word_1_83' title='bbox 283 1643 674 1742; x_wconf 81' lang='grc' dir='ltr'><strong>ΙΙλαταίῃσι</strong></span> <span class='ocrx_word' id='word_1_84' title='bbox 710 1654 786 1718; x_wconf 84' lang='lat' dir='ltr'><strong>et</strong></span> <span class='ocrx_word' id='word_1_85' title='bbox 814 1642 1178 1725; x_wconf 85' lang='grc' dir='ltr'><strong>Πλαταίας.</strong></span> <span class='ocrx_word' id='word_1_86' title='bbox 1247 1655 1323 1718; x_wconf 87' lang='lat' dir='ltr'><strong>et</strong></span> <span class='ocrx_word' id='word_1_87' title='bbox 1357 1646 1541 1717; x_wconf 81' lang='lat' dir='ltr'><strong>haec</strong></span> <span class='ocrx_word' id='word_1_88' title='bbox 1573 1645 1865 1740; x_wconf 84' lang='lat' dir='ltr'><strong>quidem</strong></span> <span class='ocrx_word' id='word_1_89' title='bbox 1904 1645 2209 1741; x_wconf 86' lang='lat' dir='ltr'><strong>ancipiti</strong></span> <span class='ocrx_word' id='word_1_90' title='bbox 2240 1670 2564 1721; x_wconf 83' lang='lat' dir='ltr'><strong>numero,</strong></span> 
     </span>
     <span class='ocr_line' id='line_1_12' title="bbox 281 1769 2566 1861; baseline -0.001 -15"><span class='ocrx_word' id='word_1_91' title='bbox 281 1772 718 1846; x_wconf 82' lang='lat' dir='ltr'><strong>heteroclita</strong></span> <span class='ocrx_word' id='word_1_92' title='bbox 750 1783 999 1847; x_wconf 87' lang='lat' dir='ltr'><strong>autem</strong></span> <span class='ocrx_word' id='word_1_93' title='bbox 1034 1775 1217 1847; x_wconf 87' lang='lat' dir='ltr'><strong>haec</strong></span> <span class='ocrx_word' id='word_1_94' title='bbox 1254 1776 1544 1847; x_wconf 80' lang='lat' dir='ltr'><strong>habeto.</strong></span> <span class='ocrx_word' id='word_1_95' title='bbox 1637 1769 2010 1846; x_wconf 76' lang='grc' dir='ltr'>Οἰδιπόδεω</span> <span class='ocrx_word' id='word_1_96' title='bbox 2062 1771 2116 1843; x_wconf 89' lang='grc' dir='ltr'><strong>Δ</strong></span> <span class='ocrx_word' id='word_1_97' title='bbox 2162 1775 2329 1861; x_wconf 91' lang='grc'><strong>149,</strong></span> <span class='ocrx_word' id='word_1_98' title='bbox 2385 1772 2566 1846; x_wconf 78' lang='grc' dir='ltr'><strong>Οἰδί-</strong></span> 
     </span>
     <span class='ocr_line' id='line_1_13' title="bbox 276 1896 2565 2001; baseline -0.001 -27"><span class='ocrx_word' id='word_1_99' title='bbox 276 1929 453 1974; x_wconf 79' lang='grc' dir='ltr'><strong>πουν</strong></span> <span class='ocrx_word' id='word_1_100' title='bbox 495 1899 554 1973; x_wconf 83' lang='grc' dir='ltr'>Ε</span> <span class='ocrx_word' id='word_1_101' title='bbox 592 1907 716 1989; x_wconf 88' lang='grc'><strong>60,</strong></span> <span class='ocrx_word' id='word_1_102' title='bbox 753 1903 943 1974; x_wconf 85' lang='lat' dir='ltr'><strong>sicut</strong></span> <span class='ocrx_word' id='word_1_103' title='bbox 977 1899 1292 2001; x_wconf 78' lang='grc' dir='ltr'><strong>ἀρτίπουν</strong></span> <span class='ocrx_word' id='word_1_104' title='bbox 1333 1900 1385 1973; x_wconf 87' lang='grc' dir='ltr'><strong><em>Γ</em></strong></span> <span class='ocrx_word' id='word_1_105' title='bbox 1430 1902 1611 1986; x_wconf 85' lang='grc' dir='ltr'><strong>13οε</strong></span> <span class='ocrx_word' id='word_1_106' title='bbox 1673 1910 1925 1974; x_wconf 86' lang='lat' dir='ltr'><strong>contra</strong></span> <span class='ocrx_word' id='word_1_107' title='bbox 1960 1896 2382 1995; x_wconf 70' lang='grc' dir='ltr'><strong>Μελάμπους</strong></span> <span class='ocrx_word' id='word_1_108' title='bbox 2418 1897 2565 1973; x_wconf 86' lang='grc' dir='ltr'><strong>Με-</strong></span> 
     </span>
     <span class='ocr_line' id='line_1_14' title="bbox 281 2025 2566 2125; baseline -0 -24"><span class='ocrx_word' id='word_1_109' title='bbox 281 2030 640 2125; x_wconf 85' lang='grc' dir='ltr'><strong>λάμποδος</strong></span> <span class='ocrx_word' id='word_1_110' title='bbox 686 2026 1114 2124; x_wconf 81' lang='grc' dir='ltr'>Μελάμποδα</span> <span class='ocrx_word' id='word_1_111' title='bbox 1170 2026 1232 2101; x_wconf 91' lang='grc' dir='ltr'>Β</span> <span class='ocrx_word' id='word_1_112' title='bbox 1273 2031 1393 2102; x_wconf 86' lang='grc'><strong>49.</strong></span> <span class='ocrx_word' id='word_1_113' title='bbox 1456 2027 1518 2102; x_wconf 89' lang='lat' dir='ltr'><strong>H</strong></span> <span class='ocrx_word' id='word_1_114' title='bbox 1561 2032 1732 2103; x_wconf 84' lang='lat'><strong>221.</strong></span> <span class='ocrx_word' id='word_1_115' title='bbox 1794 2026 1820 2102; x_wconf 90' lang='lat'>1</span> <span class='ocrx_word' id='word_1_116' title='bbox 1872 2031 1992 2102; x_wconf 92' lang='grc'><strong>34.</strong></span> <span class='ocrx_word' id='word_1_117' title='bbox 2086 2025 2322 2111; x_wconf 80' lang='grc' dir='ltr'><strong>Μίνως</strong></span> <span class='ocrx_word' id='word_1_118' title='bbox 2373 2026 2566 2106; x_wconf 86' lang='grc' dir='ltr'><strong>Μίνω</strong></span> 
     </span>
     <span class='ocr_line' id='line_1_15' title="bbox 281 2139 2569 2245; baseline -0 -13"><span class='ocrx_word' id='word_1_119' title='bbox 281 2165 354 2233; x_wconf 75' lang='lat' dir='ltr'>A</span> <span class='ocrx_word' id='word_1_120' title='bbox 408 2161 570 2232; x_wconf 85' lang='lat'><strong>171.</strong></span> <span class='ocrx_word' id='word_1_121' title='bbox 621 2160 790 2245; x_wconf 87' lang='lat'>173,</span> <span class='ocrx_word' id='word_1_122' title='bbox 843 2153 1119 2237; x_wconf 60' lang='lat' dir='ltr'><strong>Mamor.</strong></span> <span class='ocrx_word' id='word_1_123' title='bbox 1169 2156 1222 2232; x_wconf 85' lang='grc' dir='ltr'><strong><em>Γ</em></strong></span> <span class='ocrx_word' id='word_1_124' title='bbox 1267 2161 1448 2232; x_wconf 81' lang='lat'>122:</span> <span class='ocrx_word' id='word_1_125' title='bbox 1511 2161 1639 2233; x_wconf 75' lang='lat' dir='ltr'><strong>sed</strong></span> <span class='ocrx_word' id='word_1_126' title='bbox 1688 2139 2079 2232; x_wconf 55' lang='lat' dir='ltr'><strong>accusativi</strong></span> <span class='ocrx_word' id='word_1_127' title='bbox 2121 2157 2427 2245; x_wconf 70' lang='lat' dir='ltr'><strong>formas,</strong></span> <span class='ocrx_word' id='word_1_128' title='bbox 2477 2161 2569 2231; x_wconf 69' lang='lat' dir='ltr'><strong>ad</strong></span> 
     </span>
     <span class='ocr_line' id='line_1_16' title="bbox 280 2283 2562 2386; baseline -0.002 -24"><span class='ocrx_word' id='word_1_129' title='bbox 280 2314 471 2386; x_wconf 83' lang='lat' dir='ltr'><strong>quas</strong></span> <span class='ocrx_word' id='word_1_130' title='bbox 509 2290 817 2362; x_wconf 77' lang='lat' dir='ltr'><strong>varietas</strong></span> <span class='ocrx_word' id='word_1_131' title='bbox 870 2288 1202 2360; x_wconf 81' lang='lat' dir='ltr'><strong>codicum</strong></span> <span class='ocrx_word' id='word_1_132' title='bbox 1248 2288 1476 2375; x_wconf 77' lang='lat' dir='ltr'><strong>redit,</strong></span> <span class='ocrx_word' id='word_1_133' title='bbox 1539 2288 1906 2362; x_wconf 82' lang='lat' dir='ltr'><strong>inauditas</strong></span> <span class='ocrx_word' id='word_1_134' title='bbox 1964 2284 2028 2358; x_wconf 89' lang='lat' dir='ltr'>H</span> <span class='ocrx_word' id='word_1_135' title='bbox 2076 2290 2218 2363; x_wconf 88' lang='grc'><strong>170</strong></span> <span class='ocrx_word' id='word_1_136' title='bbox 2270 2283 2562 2370; x_wconf 80' lang='grc' dir='ltr'><strong>Μίνεων,</strong></span> 
     </span>
     <span class='ocr_line' id='line_1_17' title="bbox 285 2412 2568 2513; baseline 0 -23"><span class='ocrx_word' id='word_1_137' title='bbox 285 2416 348 2490; x_wconf 90' lang='grc' dir='ltr'>Η</span> <span class='ocrx_word' id='word_1_138' title='bbox 394 2420 524 2491; x_wconf 92' lang='grc'><strong>171</strong></span> <span class='ocrx_word' id='word_1_139' title='bbox 559 2412 798 2490; x_wconf 72' lang='grc' dir='ltr'><strong>Μίνειυ</strong></span> <span class='ocrx_word' id='word_1_140' title='bbox 827 2441 912 2490; x_wconf 77' lang='lat' dir='ltr'><strong>eo</strong></span> <span class='ocrx_word' id='word_1_141' title='bbox 940 2417 1181 2492; x_wconf 87' lang='lat' dir='ltr'><strong>minus</strong></span> <span class='ocrx_word' id='word_1_142' title='bbox 1208 2417 1444 2490; x_wconf 83' lang='lat' dir='ltr'><strong>ausim</strong></span> <span class='ocrx_word' id='word_1_143' title='bbox 1472 2418 1865 2502; x_wconf 80' lang='lat' dir='ltr'><strong>vindicare,</strong></span> <span class='ocrx_word' id='word_1_144' title='bbox 1896 2419 2093 2513; x_wconf 90' lang='lat' dir='ltr'><strong>quod</strong></span> <span class='ocrx_word' id='word_1_145' title='bbox 2118 2416 2369 2512; x_wconf 89' lang='lat' dir='ltr'><strong>paullo</strong></span> <span class='ocrx_word' id='word_1_146' title='bbox 2396 2426 2568 2490; x_wconf 81' lang='lat' dir='ltr'><strong>ante</strong></span> 
     </span>
     <span class='ocr_line' id='line_1_18' title="bbox 283 2541 2570 2628; baseline -0 -6"><span class='ocrx_word' id='word_1_147' title='bbox 283 2550 368 2622; x_wconf 90' lang='lat' dir='ltr'>H</span> <span class='ocrx_word' id='word_1_148' title='bbox 418 2549 559 2622; x_wconf 87' lang='grc'><strong>169</strong></span> <span class='ocrx_word' id='word_1_149' title='bbox 609 2546 690 2619; x_wconf 87' lang='grc'><strong>111</strong></span> <span class='ocrx_word' id='word_1_150' title='bbox 738 2546 1186 2621; x_wconf 85' lang='lat' dir='ltr'><strong>nominativo</strong></span> <span class='ocrx_word' id='word_1_151' title='bbox 1231 2541 1469 2628; x_wconf 82' lang='grc' dir='ltr'><strong>Μίνως</strong></span> <span class='ocrx_word' id='word_1_152' title='bbox 1514 2572 1666 2621; x_wconf 84' lang='grc'><strong>11011</strong></span> <span class='ocrx_word' id='word_1_153' title='bbox 1703 2548 2102 2622; x_wconf 77' lang='lat' dir='ltr'><strong>discessum</strong></span> <span class='ocrx_word' id='word_1_154' title='bbox 2151 2556 2262 2621; x_wconf 84' lang='lat' dir='ltr'><strong>est</strong></span> <span class='ocrx_word' id='word_1_155' title='bbox 2297 2573 2341 2619; x_wconf 91' lang='lat' dir='ltr'><strong>a</strong></span> <span class='ocrx_word' id='word_1_156' title='bbox 2375 2573 2570 2621; x_wconf 87' lang='lat' dir='ltr'><strong>com-</strong></span> 
     </span>
     <span class='ocr_line' id='line_1_19' title="bbox 282 2675 2569 2773; baseline -0.002 -22"><span class='ocrx_word' id='word_1_157' title='bbox 282 2678 502 2751; x_wconf 86' lang='lat' dir='ltr'><strong>muni</strong></span> <span class='ocrx_word' id='word_1_158' title='bbox 537 2678 801 2772; x_wconf 86' lang='lat' dir='ltr'><strong>capite.</strong></span> <span class='ocrx_word' id='word_1_159' title='bbox 878 2678 1132 2750; x_wconf 83' lang='lat' dir='ltr'><strong>eadem</strong></span> <span class='ocrx_word' id='word_1_160' title='bbox 1167 2675 1297 2748; x_wconf 89' lang='lat' dir='ltr'><strong>illa</strong></span> <span class='ocrx_word' id='word_1_161' title='bbox 1331 2677 1768 2773; x_wconf 81' lang='lat' dir='ltr'><strong>ambiguitas</strong></span> <span class='ocrx_word' id='word_1_162' title='bbox 1803 2677 1886 2749; x_wconf 90' lang='lat' dir='ltr'><strong>in</strong></span> <span class='ocrx_word' id='word_1_163' title='bbox 1920 2678 2176 2750; x_wconf 79' lang='lat' dir='ltr'><strong>eodem</strong></span> <span class='ocrx_word' id='word_1_164' title='bbox 2214 2676 2569 2749; x_wconf 84' lang='lat' dir='ltr'><strong>vocabulo</strong></span> 
     </span>
     <span class='ocr_line' id='line_1_20' title="bbox 281 2803 2563 2906; baseline 0 -28"><span class='ocrx_word' id='word_1_165' title='bbox 281 2810 492 2906; x_wconf 77' lang='grc' dir='ltr'><strong>ἥρωα</strong></span> <span class='ocrx_word' id='word_1_166' title='bbox 522 2807 587 2877; x_wconf 93' lang='grc' dir='ltr'>Β</span> <span class='ocrx_word' id='word_1_167' title='bbox 622 2806 789 2878; x_wconf 84' lang='grc'><strong>143.</strong></span> <span class='ocrx_word' id='word_1_168' title='bbox 825 2803 876 2876; x_wconf 83' lang='grc' dir='ltr'><strong>Ζ</strong></span> <span class='ocrx_word' id='word_1_169' title='bbox 906 2806 1029 2891; x_wconf 92' lang='grc'><strong>69,</strong></span> <span class='ocrx_word' id='word_1_170' title='bbox 1064 2805 1253 2903; x_wconf 78' lang='grc' dir='ltr'><strong>ἤρων</strong></span> <span class='ocrx_word' id='word_1_171' title='bbox 1284 2806 1356 2876; x_wconf 88' lang='lat' dir='ltr'>A</span> <span class='ocrx_word' id='word_1_172' title='bbox 1383 2807 1552 2893; x_wconf 89' lang='grc'><strong>167,</strong></span> <span class='ocrx_word' id='word_1_173' title='bbox 1582 2807 1663 2878; x_wconf 85' lang='grc'><strong>111</strong></span> <span class='ocrx_word' id='word_1_174' title='bbox 1695 2804 2038 2879; x_wconf 83' lang='lat' dir='ltr'><strong>affinibus</strong></span> <span class='ocrx_word' id='word_1_175' title='bbox 2072 2805 2343 2904; x_wconf 90' lang='grc' dir='ltr'><strong>πάτρων</strong></span> <span class='ocrx_word' id='word_1_176' title='bbox 2371 2804 2563 2879; x_wconf 83' lang='grc' dir='ltr'><strong>Δ76.</strong></span> 
     </span>
     <span class='ocr_line' id='line_1_21' title="bbox 283 2929 2565 3033; baseline -0.001 -26"><span class='ocrx_word' id='word_1_177' title='bbox 283 2935 308 3007; x_wconf 90' lang='lat'>1</span> <span class='ocrx_word' id='word_1_178' title='bbox 348 2938 473 3021; x_wconf 84' lang='lat'><strong>78,</strong></span> <span class='ocrx_word' id='word_1_179' title='bbox 513 2937 801 3033; x_wconf 77' lang='grc' dir='ltr'><strong>μήτρωα</strong></span> <span class='ocrx_word' id='word_1_180' title='bbox 827 2929 882 3002; x_wconf 93' lang='grc' dir='ltr'><strong>Δ</strong></span> <span class='ocrx_word' id='word_1_181' title='bbox 899 2935 1020 3006; x_wconf 91' lang='grc'><strong>80.</strong></span> <span class='ocrx_word' id='word_1_182' title='bbox 1094 2929 1346 3005; x_wconf 77' lang='grc' dir='ltr'><strong>εἵλωτα</strong></span> <span class='ocrx_word' id='word_1_183' title='bbox 1373 2930 1652 3015; x_wconf 72' lang='grc' dir='ltr'><strong>εἵλωτες</strong></span> <span class='ocrx_word' id='word_1_184' title='bbox 1677 2930 1965 3015; x_wconf 77' lang='grc' dir='ltr'><strong>εἵλωτας</strong></span> <span class='ocrx_word' id='word_1_185' title='bbox 1978 2933 2340 3031; x_wconf 54' lang='lat' dir='ltr'><strong>³leguntur</strong></span> <span class='ocrx_word' id='word_1_186' title='bbox 2369 2931 2422 3006; x_wconf 90' lang='grc' dir='ltr'><strong>Ζ</strong></span> <span class='ocrx_word' id='word_1_187' title='bbox 2443 2935 2565 3006; x_wconf 91' lang='grc'><strong>81.</strong></span> 
     </span>
     <span class='ocr_line' id='line_1_22' title="bbox 283 3058 2570 3158; baseline -0 -21"><span class='ocrx_word' id='word_1_188' title='bbox 283 3062 352 3137; x_wconf 86' lang='grc' dir='ltr'>Η</span> <span class='ocrx_word' id='word_1_189' title='bbox 395 3065 569 3137; x_wconf 86' lang='grc'><strong>229.</strong></span> <span class='ocrx_word' id='word_1_190' title='bbox 627 3062 679 3133; x_wconf 91' lang='grc' dir='ltr'><strong>Θ</strong></span> <span class='ocrx_word' id='word_1_191' title='bbox 719 3065 839 3136; x_wconf 87' lang='grc'><strong>25.</strong></span> <span class='ocrx_word' id='word_1_192' title='bbox 888 3058 916 3131; x_wconf 95' lang='lat'><em>1</em></span> <span class='ocrx_word' id='word_1_193' title='bbox 956 3064 1078 3135; x_wconf 88' lang='grc'><strong>80.</strong></span> <span class='ocrx_word' id='word_1_194' title='bbox 1121 3064 1242 3147; x_wconf 88' lang='grc'><strong>85,</strong></span> <span class='ocrx_word' id='word_1_195' title='bbox 1267 3063 1565 3157; x_wconf 34' lang='lat' dir='ltr'><strong>‘hisque</strong></span> <span class='ocrx_word' id='word_1_196' title='bbox 1601 3071 2085 3158; x_wconf 78' lang='lat' dir='ltr'>congruenter</span> <span class='ocrx_word' id='word_1_197' title='bbox 2120 3062 2418 3135; x_wconf 72' lang='grc' dir='ltr'><strong>εἰλώτων</strong></span> <span class='ocrx_word' id='word_1_198' title='bbox 2459 3072 2570 3136; x_wconf 83' lang='lat' dir='ltr'><strong>ter</strong></span> 
     </span>
     <span class='ocr_line' id='line_1_23' title="bbox 285 3189 2571 3291; baseline -0.001 -25"><span class='ocrx_word' id='word_1_199' title='bbox 285 3192 304 3266; x_wconf 87' lang='grc' dir='ltr'>Ι</span> <span class='ocrx_word' id='word_1_200' title='bbox 351 3196 466 3266; x_wconf 90' lang='grc'><strong>10.</strong></span> <span class='ocrx_word' id='word_1_201' title='bbox 490 3195 613 3265; x_wconf 86' lang='grc'><strong>28.</strong></span> <span class='ocrx_word' id='word_1_202' title='bbox 637 3194 761 3277; x_wconf 87' lang='grc'><strong>80,</strong></span> <span class='ocrx_word' id='word_1_203' title='bbox 789 3200 1039 3264; x_wconf 67' lang='lat' dir='ltr'><strong>conta-a</strong></span> <span class='ocrx_word' id='word_1_204' title='bbox 1067 3189 1400 3262; x_wconf 71' lang='grc' dir='ltr'><strong>εἱλωτέων</strong></span> <span class='ocrx_word' id='word_1_205' title='bbox 1430 3201 1784 3287; x_wconf 83' lang='lat' dir='ltr'><strong>tanquam</strong></span> <span class='ocrx_word' id='word_1_206' title='bbox 1812 3195 1908 3264; x_wconf 91' lang='lat' dir='ltr'><strong>ab</strong></span> <span class='ocrx_word' id='word_1_207' title='bbox 1939 3190 2226 3291; x_wconf 71' lang='grc' dir='ltr'><strong>αίλώτης</strong></span> <span class='ocrx_word' id='word_1_208' title='bbox 2252 3192 2433 3265; x_wconf 82' lang='lat' dir='ltr'><strong>item&#39;</strong></span> <span class='ocrx_word' id='word_1_209' title='bbox 2460 3200 2571 3265; x_wconf 78' lang='lat' dir='ltr'><strong>ter</strong></span> 
     </span>
     <span class='ocr_line' id='line_1_24' title="bbox 284 3317 2569 3420; baseline -0.001 -25"><span class='ocrx_word' id='word_1_210' title='bbox 284 3323 340 3395; x_wconf 82' lang='lat' dir='ltr'><strong>Z</strong></span> <span class='ocrx_word' id='word_1_211' title='bbox 383 3324 504 3394; x_wconf 86' lang='lat'><strong>58.</strong></span> <span class='ocrx_word' id='word_1_212' title='bbox 551 3324 671 3392; x_wconf 91' lang='grc'><strong>75.</strong></span> <span class='ocrx_word' id='word_1_213' title='bbox 714 3322 835 3393; x_wconf 85' lang='grc'><strong>80.</strong></span> <span class='ocrx_word' id='word_1_214' title='bbox 927 3319 1104 3417; x_wconf 79' lang='grc' dir='ltr'><strong>ὅρνις</strong></span> <span class='ocrx_word' id='word_1_215' title='bbox 1138 3328 1215 3395; x_wconf 83' lang='lat' dir='ltr'><strong>et</strong></span> <span class='ocrx_word' id='word_1_216' title='bbox 1247 3318 1424 3418; x_wconf 80' lang='grc' dir='ltr'><strong>ὄρνιν</strong></span> <span class='ocrx_word' id='word_1_217' title='bbox 1471 3317 1650 3398; x_wconf 79' lang='lat' dir='ltr'><strong>facit</strong></span> <span class='ocrx_word' id='word_1_218' title='bbox 1685 3321 1745 3391; x_wconf 93' lang='lat' dir='ltr'>B</span> <span class='ocrx_word' id='word_1_219' title='bbox 1789 3321 1881 3393; x_wconf 86' lang='grc'><strong>73</strong></span> <span class='ocrx_word' id='word_1_220' title='bbox 1920 3331 1996 3394; x_wconf 85' lang='lat' dir='ltr'><strong>et</strong></span> <span class='ocrx_word' id='word_1_221' title='bbox 2032 3320 2265 3420; x_wconf 81' lang='grc' dir='ltr'><strong>ὄρνιθα</strong></span> <span class='ocrx_word' id='word_1_222' title='bbox 2300 3317 2354 3391; x_wconf 93' lang='grc' dir='ltr'>Δ</span> <span class='ocrx_word' id='word_1_223' title='bbox 2400 3322 2569 3407; x_wconf 92' lang='grc'><strong>131,</strong></span> 
     </span>
     <span class='ocr_line' id='line_1_25' title="bbox 282 3447 2571 3545; baseline -0.002 -22"><span class='ocrx_word' id='word_1_224' title='bbox 282 3474 458 3523; x_wconf 86' lang='lat' dir='ltr'><strong>cum</strong></span> <span class='ocrx_word' id='word_1_225' title='bbox 483 3474 616 3544; x_wconf 84' lang='lat' dir='ltr'><strong>per</strong></span> <span class='ocrx_word' id='word_1_226' title='bbox 637 3447 960 3543; x_wconf 82' lang='lat' dir='ltr'><strong>reliquos</strong></span> <span class='ocrx_word' id='word_1_227' title='bbox 987 3472 1195 3521; x_wconf 85' lang='lat' dir='ltr'><strong>casus</strong></span> <span class='ocrx_word' id='word_1_228' title='bbox 1222 3472 1474 3521; x_wconf 86' lang='lat' dir='ltr'><strong>omnes</strong></span> <span class='ocrx_word' id='word_1_229' title='bbox 1503 3460 1825 3545; x_wconf 76' lang='lat' dir='ltr'><strong>assumat</strong></span> <span class='ocrx_word' id='word_1_230' title='bbox 1848 3474 2259 3524; x_wconf 84' lang='lat' dir='ltr'><strong>consonam.</strong></span> <span class='ocrx_word' id='word_1_231' title='bbox 2323 3473 2571 3522; x_wconf 82' lang='lat' dir='ltr'><strong>rursus</strong></span> 
     </span>
     <span class='ocr_line' id='line_1_26' title="bbox 283 3576 2571 3679; baseline -0.001 -28"><span class='ocrx_word' id='word_1_232' title='bbox 283 3581 489 3679; x_wconf 89' lang='grc' dir='ltr'><strong>χάρις</strong></span> <span class='ocrx_word' id='word_1_233' title='bbox 523 3580 816 3672; x_wconf 85' lang='lat' dir='ltr'><strong>saepius</strong></span> <span class='ocrx_word' id='word_1_234' title='bbox 849 3576 1067 3676; x_wconf 82' lang='grc' dir='ltr'><strong>χάριν,</strong></span> <span class='ocrx_word' id='word_1_235' title='bbox 1127 3580 1553 3672; x_wconf 81' lang='lat' dir='ltr'><strong>praesertim</strong></span> <span class='ocrx_word' id='word_1_236' title='bbox 1598 3580 1679 3650; x_wconf 91' lang='lat' dir='ltr'><strong>in</strong></span> <span class='ocrx_word' id='word_1_237' title='bbox 1718 3577 2050 3651; x_wconf 82' lang='lat' dir='ltr'><strong>formulis</strong></span> <span class='ocrx_word' id='word_1_238' title='bbox 2092 3578 2294 3676; x_wconf 81' lang='grc' dir='ltr'><strong>χάριν</strong></span> <span class='ocrx_word' id='word_1_239' title='bbox 2327 3577 2571 3651; x_wconf 74' lang='grc' dir='ltr'><strong>εἰδέναι</strong></span> 
     </span>
     <span class='ocr_line' id='line_1_27' title="bbox 283 3703 2571 3805; baseline -0 -25"><span class='ocrx_word' id='word_1_240' title='bbox 283 3713 358 3780; x_wconf 80' lang='grc' dir='ltr'><strong>Α</strong></span> <span class='ocrx_word' id='word_1_241' title='bbox 381 3711 502 3781; x_wconf 88' lang='lat'><strong>71.</strong></span> <span class='ocrx_word' id='word_1_242' title='bbox 533 3703 1596 3805; x_wconf 82' lang='grc' dir='ltr'><strong>Γ21.125.Δ136.179,χάριν</strong></span> <span class='ocrx_word' id='word_1_243' title='bbox 1626 3706 1806 3805; x_wconf 79' lang='grc' dir='ltr'><strong>ἔχειν</strong></span> <span class='ocrx_word' id='word_1_244' title='bbox 1833 3705 1890 3778; x_wconf 91' lang='lat' dir='ltr'>H</span> <span class='ocrx_word' id='word_1_245' title='bbox 1921 3710 2182 3792; x_wconf 82' lang='lat' dir='ltr'><strong>120‚et</strong></span> <span class='ocrx_word' id='word_1_246' title='bbox 2204 3706 2333 3778; x_wconf 91' lang='lat' dir='ltr'><strong>ubi</strong></span> <span class='ocrx_word' id='word_1_247' title='bbox 2360 3731 2571 3800; x_wconf 84' lang='lat' dir='ltr'><strong>prae-</strong></span> 
     </span>
     <span class='ocr_line' id='line_1_28' title="bbox 283 3823 2568 3935; baseline -0.002 -25"><span class='ocrx_word' id='word_1_248' title='bbox 283 3837 668 3934; x_wconf 81' lang='lat' dir='ltr'><strong>positionis</strong></span> <span class='ocrx_word' id='word_1_249' title='bbox 705 3835 863 3910; x_wconf 81' lang='lat' dir='ltr'><strong>vice</strong></span> <span class='ocrx_word' id='word_1_250' title='bbox 898 3832 1232 3931; x_wconf 77' lang='lat' dir='ltr'><strong>fungitur</strong></span> <span class='ocrx_word' id='word_1_251' title='bbox 1266 3830 1325 3906; x_wconf 91' lang='lat' dir='ltr'>E</span> <span class='ocrx_word' id='word_1_252' title='bbox 1366 3837 1461 3908; x_wconf 88' lang='grc'><strong>99</strong></span> <span class='ocrx_word' id='word_1_253' title='bbox 1504 3837 1628 3934; x_wconf 76' lang='grc' dir='ltr'><strong>τὴν</strong></span> <span class='ocrx_word' id='word_1_254' title='bbox 1659 3823 2054 3935; x_wconf 75' lang='grc' dir='ltr'><strong>Ἀθηναίων</strong></span> <span class='ocrx_word' id='word_1_255' title='bbox 2091 3834 2290 3932; x_wconf 85' lang='grc' dir='ltr'><strong>χάριν</strong></span> <span class='ocrx_word' id='word_1_256' title='bbox 2321 3863 2334 3905; x_wconf 90' lang='lat'>:</span> <span class='ocrx_word' id='word_1_257' title='bbox 2392 3835 2568 3908; x_wconf 83' lang='lat' dir='ltr'><strong>item</strong></span> 
     </span>
     <span class='ocr_line' id='line_1_29' title="bbox 287 3959 2570 4063; baseline -0.001 -25"><span class='ocrx_word' id='word_1_258' title='bbox 287 3964 348 4038; x_wconf 84' lang='grc' dir='ltr'>Η</span> <span class='ocrx_word' id='word_1_259' title='bbox 399 3968 542 4039; x_wconf 89' lang='grc'><strong>178</strong></span> <span class='ocrx_word' id='word_1_260' title='bbox 578 3965 779 4063; x_wconf 89' lang='grc' dir='ltr'><strong>χάριν</strong></span> <span class='ocrx_word' id='word_1_261' title='bbox 819 3963 1194 4048; x_wconf 79' lang='grc' dir='ltr'><strong>κατέθεντο,</strong></span> <span class='ocrx_word' id='word_1_262' title='bbox 1255 3959 1280 4034; x_wconf 93' lang='lat'><em>1</em></span> <span class='ocrx_word' id='word_1_263' title='bbox 1321 3966 1418 4037; x_wconf 83' lang='lat'><strong>60</strong></span> <span class='ocrx_word' id='word_1_264' title='bbox 1453 3964 1651 4063; x_wconf 83' lang='grc' dir='ltr'><strong>χάριν</strong></span> <span class='ocrx_word' id='word_1_265' title='bbox 1686 3963 1916 4046; x_wconf 73' lang='grc' dir='ltr'><strong>θέσθε,</strong></span> <span class='ocrx_word' id='word_1_266' title='bbox 1978 3972 2055 4036; x_wconf 87' lang='lat' dir='ltr'><strong>at</strong></span> <span class='ocrx_word' id='word_1_267' title='bbox 2090 3961 2143 4035; x_wconf 94' lang='lat' dir='ltr'><strong>Z</strong></span> <span class='ocrx_word' id='word_1_268' title='bbox 2183 3964 2270 4035; x_wconf 93' lang='grc'><strong>41</strong></span> <span class='ocrx_word' id='word_1_269' title='bbox 2327 3962 2570 4061; x_wconf 87' lang='grc' dir='ltr'><strong>χάριτα</strong></span> 
     </span>
     <span class='ocr_line' id='line_1_30' title="bbox 285 4088 2572 4193; baseline -0.002 -25"><span class='ocrx_word' id='word_1_270' title='bbox 285 4092 818 4193; x_wconf 71' lang='grc' dir='ltr'><strong>καταθήσεσθαι,</strong></span> <span class='ocrx_word' id='word_1_271' title='bbox 860 4088 888 4161; x_wconf 93' lang='grc' dir='ltr'>Ι</span> <span class='ocrx_word' id='word_1_272' title='bbox 927 4093 1066 4165; x_wconf 89' lang='grc'><strong>107</strong></span> <span class='ocrx_word' id='word_1_273' title='bbox 1098 4089 1338 4191; x_wconf 87' lang='grc' dir='ltr'><strong>χάριτα</strong></span> <span class='ocrx_word' id='word_1_274' title='bbox 1372 4091 1745 4187; x_wconf 76' lang='grc' dir='ltr'><strong>τιθέμενος.</strong></span> <span class='ocrx_word' id='word_1_275' title='bbox 1815 4117 2046 4187; x_wconf 84' lang='lat' dir='ltr'><strong>eaque</strong></span> <span class='ocrx_word' id='word_1_276' title='bbox 2082 4091 2572 4165; x_wconf 82' lang='lat' dir='ltr'><strong>inconstantia</strong></span> 
     </span>
     <span class='ocr_line' id='line_1_31' title="bbox 287 4217 2568 4321; baseline -0.002 -24"><span class='ocrx_word' id='word_1_277' title='bbox 287 4223 716 4297; x_wconf 82' lang='lat' dir='ltr'><strong>transfluxit</strong></span> <span class='ocrx_word' id='word_1_278' title='bbox 764 4224 859 4294; x_wconf 88' lang='lat' dir='ltr'><strong>ad</strong></span> <span class='ocrx_word' id='word_1_279' title='bbox 908 4222 1352 4295; x_wconf 74' lang='lat' dir='ltr'><strong>adiectivum</strong></span> <span class='ocrx_word' id='word_1_280' title='bbox 1398 4219 1681 4321; x_wconf 77' lang='grc' dir='ltr'><strong>ἄχαριςε</strong></span> <span class='ocrx_word' id='word_1_281' title='bbox 1737 4223 2057 4320; x_wconf 79' lang='grc' dir='ltr'><strong>συμφορῇ</strong></span> <span class='ocrx_word' id='word_1_282' title='bbox 2094 4217 2303 4320; x_wconf 89' lang='grc' dir='ltr'><strong>ἀχάρι</strong></span> <span class='ocrx_word' id='word_1_283' title='bbox 2330 4223 2404 4293; x_wconf 90' lang='grc' dir='ltr'><strong>Α</strong></span> <span class='ocrx_word' id='word_1_284' title='bbox 2444 4222 2568 4309; x_wconf 92' lang='grc'><strong>41,</strong></span> 
     </span>
     <span class='ocr_line' id='line_1_32' title="bbox 287 4345 2573 4453; baseline -0.001 -28"><span class='ocrx_word' id='word_1_285' title='bbox 287 4350 581 4453; x_wconf 81' lang='grc' dir='ltr'><strong>ἀχάριτα</strong></span> <span class='ocrx_word' id='word_1_286' title='bbox 619 4350 1001 4449; x_wconf 80' lang='grc' dir='ltr'><strong>μαθήματα</strong></span> <span class='ocrx_word' id='word_1_287' title='bbox 1031 4353 1106 4423; x_wconf 89' lang='grc' dir='ltr'><strong>Α</strong></span> <span class='ocrx_word' id='word_1_288' title='bbox 1145 4352 1322 4437; x_wconf 88' lang='grc'><strong>207,</strong></span> <span class='ocrx_word' id='word_1_289' title='bbox 1366 4345 1866 4448; x_wconf 80' lang='grc' dir='ltr'><strong>ἀχαριτώτατον</strong></span> <span class='ocrx_word' id='word_1_290' title='bbox 1906 4347 1967 4420; x_wconf 88' lang='lat' dir='ltr'>H</span> <span class='ocrx_word' id='word_1_291' title='bbox 2015 4352 2180 4423; x_wconf 91' lang='grc'><strong>156.</strong></span> <span class='ocrx_word' id='word_1_292' title='bbox 2272 4350 2573 4422; x_wconf 81' lang='lat' dir='ltr'><strong>nomina</strong></span> 
     </span>
     <span class='ocr_line' id='line_1_33' title="bbox 287 4478 2571 4580; baseline -0 -25"><span class='ocrx_word' id='word_1_293' title='bbox 287 4482 661 4580; x_wconf 81' lang='lat' dir='ltr'><strong>Aegyptia</strong></span> <span class='ocrx_word' id='word_1_294' title='bbox 709 4480 792 4552; x_wconf 91' lang='lat' dir='ltr'><strong>in</strong></span> <span class='ocrx_word' id='word_1_295' title='bbox 841 4480 940 4561; x_wconf 67' lang='lat'><strong>113}</strong></span> <span class='ocrx_word' id='word_1_296' title='bbox 983 4488 1189 4575; x_wconf 66' lang='lat' dir='ltr'><strong>patet</strong></span> <span class='ocrx_word' id='word_1_297' title='bbox 1233 4481 1380 4552; x_wconf 88' lang='lat' dir='ltr'><strong>iam</strong></span> <span class='ocrx_word' id='word_1_298' title='bbox 1430 4487 1695 4551; x_wconf 87' lang='lat' dir='ltr'><strong>cuncta</strong></span> <span class='ocrx_word' id='word_1_299' title='bbox 1743 4487 1818 4553; x_wconf 82' lang='lat' dir='ltr'><strong>et</strong></span> <span class='ocrx_word' id='word_1_300' title='bbox 1862 4478 2420 4552; x_wconf 81' lang='lat' dir='ltr'><strong>declinationem</strong></span> <span class='ocrx_word' id='word_1_301' title='bbox 2460 4504 2571 4554; x_wconf 82' lang='lat' dir='ltr'><strong>se·-</strong></span> 
     </span>
    </p>
   </div>
  </div>
 </body>
</html>
