3059 5125
529 378 621 422 XL
1533 354 1823 411 Praefatio.

534 559 618 605 ae
654 532 1121 620 confidentia,
1159 531 1262 604 sic
1295 531 1732 627 inscriptum
1771 533 2046 605 ederet:
2092 518 2472 630 Ἡροδότου
2509 534 2818 632 ἱστορίης

535 658 867 743 ἀπόδεξις.
958 670 1034 735 et
1080 662 1224 733 hoc
1274 662 1570 756 quidem
1620 662 2127 758 nugatorium:
2194 663 2321 735 sed
2354 643 2450 735 ne
2484 662 2614 735 illa
2650 663 2820 757 qui-

533 794 698 863 dem
752 785 1049 863 Μουσῶν
1109 791 1517 863 communis
1579 790 1975 886 appellatio
2035 791 2272 886 operis
2289 846 2305 876 ‚
2379 816 2569 886 quae
2639 792 2819 863 inde

532 923 625 991 ab
663 920 984 992 Henrico
1019 919 1397 1016 Stephano
1435 920 1903 1018 vulgabatur,
1954 920 2189 993 ullum
2238 919 2466 994 habet
2515 921 2819 993 firmum

533 1049 977 1144 praesidium
998 1106 1017 1138 ,
1092 1050 1234 1122 nisi
1303 1048 1491 1125 forte
1560 1051 1927 1124 firmitatis
2000 1051 2393 1146 quicquam
2454 1052 2821 1124 concedas

533 1180 796 1252 codicis
846 1179 1114 1253 novicii
1177 1179 1485 1276 eiusque
1540 1179 2029 1253 consimilium
2078 1179 2535 1274 inscriptioni
2586 1205 2819 1275 quam

533 1333 754 1404 supra
800 1309 1010 1404 posui
1058 1335 1130 1403 p.
1173 1310 1295 1381 XI
1317 1364 1333 1395 ,
1402 1318 1531 1382 aut
1580 1309 1848 1383 Suidae
1898 1311 1977 1383 in
2017 1296 2396 1409 “Ηρὸδοτος
2446 1310 2823 1382 notationi

532 1437 1007 1536 ἐπιγράφονται
1056 1434 1132 1508 δὲ
1176 1440 1239 1510 οἱ
1290 1438 1479 1536 λόγοι
1533 1437 1739 1510 αὐτοῦ
1790 1433 2096 1522 Μοῦσαι,
2167 1439 2363 1511 unde
2414 1439 2822 1533 sumpsisse

530 1568 819 1640 videtur
878 1568 1298 1662 Stephanus
1365 1569 1563 1662 quod
1622 1568 1902 1662 primus
1965 1567 2329 1639 adstruxit
2386 1567 2432 1665 ἦ
2504 1569 2821 1668 ίστοριῶν

531 1696 716 1793 λόγοι
755 1691 838 1778 Θ,
892 1694 1418 1794 ἐπιγραφόμενοι
1464 1690 1758 1768 Μοῦσαι.
1851 1722 2022 1769 nam
2072 1696 2204 1768 illa
2251 1696 2563 1769 Luciani
2619 1690 2817 1793 ᾅδων

527 1821 645 1905 τὰς
682 1825 976 1923 ἱστορίας
1012 1828 1120 1896 καὶ
1158 1824 1387 1924 κηλῶν
1438 1825 1598 1906 τοὺς
1642 1827 1977 1924 παρόντας
2024 1823 2183 1924 ἄχρι
2216 1830 2336 1897 τοῦ
2375 1827 2485 1897 καὶ
2523 1820 2819 1906 Μούσας

530 1951 870 2051 κληθῆναι
924 1950 1042 2033 τὰς
1092 1952 1366 2055 βίβλους
1424 1953 1667 2036 αὐτοῦ,
1734 1952 1926 2025 ἐννέα
1989 1955 2100 2026 καὶ
2160 1952 2369 2034 αὐτὰς
2430 1952 2640 2034 οὔσας
2702 1953 2819 2048 (11

526 2106 597 2176 p.
626 2081 773 2153 833
812 2080 1046 2177 Reiz)
1083 2090 1160 2155 et
1195 2081 1371 2181 ὁρῶν
1411 2080 1703 2175 μάλιστα
1732 2080 2253 2176 θαυμαζόμενον
2286 2083 2399 2153 τὸν
2429 2068 2819 2181 Ἱ-Ιρόδοτον

527 2207 685 2309 ἄχρι
720 2215 839 2281 τοῦ
877 2211 986 2282 καὶ
1018 2204 1303 2291 Μούσας
1338 2207 1677 2310 κληθῆναι
1727 2208 1933 2283 αὐτοῦ
1981 2206 2064 2281 τὰ
2106 2209 2333 2312 βιβλία
2384 2209 2489 2306 (II
2536 2235 2611 2306 p.
2656 2208 2816 2305 55),

525 2338 999 2413 manifestum
1051 2347 1162 2413 est
1209 2363 1363 2412 non
1413 2341 1506 2411 ad
1557 2363 2020 2412 communem
2069 2339 2319 2434 potius
2365 2348 2496 2412 aut
2536 2340 2817 2413 rectius

526 2470 858 2542 omnium
911 2494 1133 2566 quam
1185 2471 1279 2541 ad
1329 2468 1790 2566 singulorum
1825 2467 2182 2542 librorum
2226 2470 2817 2566 cognominatio—

524 2625 697 2674 nem
756 2597 1030 2673 referri.
1157 2598 1456 2695 singula
1515 2607 1764 2672 autem
1826 2598 2208 2672 Musarum
2282 2600 2589 2672 nomina
2659 2624 2815 2695 quo

522 2730 844 2825 primum
881 2739 1209 2824 tempore
1246 2729 1495 2801 addita
1544 2728 1698 2800 sint
1744 2752 1894 2800 non
1933 2752 2239 2824 quaero:
2308 2727 2501 2801 illud
2554 2730 2817 2825 quaeri

524 2868 791 2955 potest,
811 2859 1081 2931 satisne
1103 2867 1299 2932 recte
1324 2883 1415 2931 ea
1437 2882 1607 2931 cum
1621 2857 1959 2932 Bekkero
1987 2857 2394 2931 abieoerim.
2434 2859 2813 2954 subscrip-

525 2988 853 3061 tionibus
891 2987 1121 3059 additi
1155 2984 1361 3060 fuere
1397 2987 1476 3059 in
1505 2987 1935 3084 Archetypo
1962 2985 2422 3083 singulorum
2447 2987 2809 3062 librorum

523 3116 814 3190 numeri
838 3141 1201 3190 versuum.
1266 3142 1361 3189 ex
1388 3116 1494 3190 eis
1521 3115 1603 3188 in
1619 3115 1768 3188 AB
1792 3140 1992 3189 nunc
2015 3115 2287 3211 reliqui
2312 3126 2487 3192 sunt
2512 3120 2807 3192 numeri

525 3246 884 3319 librorum
921 3244 997 3317 Δ.
1030 3242 1111 3317 Ε.
1145 3243 1220 3316 Θ.
1255 3242 1302 3317 I.
1346 3270 1430 3318 ac
1464 3243 1769 3318 fortasse
1802 3269 1899 3319 ne
1935 3245 2016 3318 in
2051 3245 2181 3317 illo
2218 3246 2517 3342 quidem
2550 3246 2812 3342 plures

519 3374 762 3449 relicti
802 3384 1036 3464 erant,
1089 3399 1238 3471 qua
1268 3373 1567 3448 raritate
1603 3374 1945 3449 effectum
1978 3374 2269 3448 videtur
2308 3383 2393 3449 ut
2426 3376 2509 3447 in
2547 3378 2814 3451 ceteris

523 3505 1067 3602 exemplaribus
1134 3512 1210 3578 et
1256 3504 1462 3600 ipsae
1517 3504 1873 3599 reliquiae
1923 3503 2454 3578 omitterentur.
2562 3506 2691 3601 qui
2744 3509 2815 3580 si

520 3635 740 3707 hodie
779 3642 1245 3729 superessent
1293 3658 1569 3717 omnes,
1622 3634 2059 3706 haberemus
2108 3635 2307 3706 unde
2358 3636 2449 3707 de
2497 3633 2815 3731 integri-

523 3772 675 3838 tate
713 3766 956 3859 operis
991 3763 1352 3836 rationem
1390 3763 1945 3837 institueremus
1990 3762 2192 3836 haud
2241 3760 2807 3838 infructuosam.

517 3894 821 3967 lacunas
848 3894 1049 3967 enim
1082 3895 1339 3966 breves
1373 3893 1499 3966 hic
1535 3901 1620 3966 ut
1654 3892 2059 3980 mittamus,
2098 3892 2179 3965 in
2213 3893 2676 3989 Angelieano
2710 3897 2813 3968 ad

522 4020 573 4095 Θ
634 4025 768 4096 121
825 4023 1010 4097 haec
1060 4023 1142 4096 in
1189 4023 1521 4118 margine
1572 4022 1844 4117 scripta
1892 4030 2068 4094 sunt
2117 4024 2210 4094 ab
2261 4023 2425 4118 ipso
2470 4023 2810 4111 librario,

521 4154 849 4226 derivata
909 4161 1158 4226 autem
1219 4153 1422 4225 haud
1484 4151 1708 4225 dubie
1770 4176 1864 4225 ex
1928 4148 2022 4223 9:
2094 4149 2401 4223 λείπουσι
2449 4156 2670 4250 στίχοι
2728 4155 2805 4227 ἱ.

430 4308 435 4313 ·
521 4284 716 4378 quod
771 4284 1136 4377 quomodo
1183 4281 1413 4356 latere
1478 4281 1803 4377 potuerit
1852 4281 2189 4357 homines
2248 4283 2499 4354 doctos
2548 4306 2809 4357 omnes

518 4436 670 4485 non
731 4411 1067 4485 mirabile
1086 4468 1105 4500 ,
1168 4437 1335 4485 cum
1398 4410 1533 4484 illo
1592 4412 1754 4506 ipso
1814 4412 2109 4484 demum
2170 4409 2334 4483 loco
2389 4422 2811 4487 resumatur

517 4541 730 4651 filum
805 4542 1245 4617 narrationis
1305 4541 1684 4640 paulisper
1745 4540 2242 4615 intermissum
2311 4565 2449 4615 nec
2522 4544 2806 4639 requiri
