3059 5125
567 335 663 380 LII
1549 313 1689 371 Prae
1692 316 1745 371 fa
1746 315 1844 372 tio.

563 496 876 566 barbara
907 501 1153 564 autem
1185 482 1579 591 (Ἀριάντας)
1601 481 1946 591 Ἀριάνταν
1977 489 2032 563 Δ
2061 494 2185 581 81,
2208 485 2532 587 Ἀμίλκας
2560 484 2853 589 Ἀμίλκα

557 609 878 717 Ἀμίλκαν
934 617 997 691 H
1045 622 1481 706 165—167,
1536 619 1785 716 (Σίκας)
1829 620 1996 693 Σίκα
2034 618 2097 692 H
2143 624 2278 708 98,
2329 631 2406 694 et
2451 621 2851 692 fluminum

571 747 799 849 Αὔρας
831 748 885 821 Δ
924 752 1048 837 49,
1087 748 1309 849 Δύρας
1349 746 1411 820 Η
1459 751 1627 836 198,
1680 775 1763 823 ac
1797 748 2101 823 fortasse
2127 736 2370 831 Ἄτλας
2405 746 2460 820 Δ
2500 752 2621 823 49.
2712 774 2856 821 nec

566 876 763 974 fugit
823 877 1144 974 aliquem
1210 903 1464 952 eorum
1509 880 1657 974 ,qui
1719 882 1809 952 de
1872 880 2304 953 differentiis
2371 879 2855 952 dialectorum

567 1005 859 1081 exiliter
908 1006 1040 1080 illa
1088 1033 1173 1080 ac
1222 1033 1484 1100 parum
1536 1007 1877 1082 distincte
1935 1034 2389 1104 praecepere.
2488 1009 2591 1080 sic
2647 1009 2853 1082 enim

565 1139 1085 1231 grammaticus
1136 1145 1219 1210 ut
1262 1146 1526 1211 vocant
1574 1138 2228 1212 Meermannianus
2276 1139 2429 1237 περὶ
2480 1135 2851 1210 διαλέκτων

567 1292 636 1360 p.
681 1267 829 1340 649
881 1263 1250 1340 Schaefer.
1319 1266 1407 1361 (οἱ
1441 1252 1699 1363 Ἴωνες)
1743 1266 1826 1340 τὰ
1874 1267 1969 1348 εἰς
2039 1273 2121 1348 α”ς
2175 1266 2471 1365 λήγοντα
2528 1263 2851 1361 ὀνόματα,

568 1395 683 1468 ἐὰν
726 1398 822 1494 μὴ
860 1394 985 1470 ὦσι
1023 1393 1310 1494 Δωρικὰ,
1349 1395 1443 1475 εἰς
1478 1395 1567 1493 ἧς
1603 1394 1979 1494 τρέπουσιν.
2073 1419 2261 1490 quae
2299 1395 2647 1468 adhibuit
2671 1394 2855 1467 Bre-

568 1524 824 1596 dovius
867 1550 939 1619 p.
990 1526 1158 1610 127,
1211 1532 1286 1596 et
1332 1524 1745 1596 confirmari
1784 1526 2100 1618 quodam
2135 1525 2348 1597 modo
2385 1524 2734 1596 videntur
2768 1547 2854 1595 eo

571 1656 766 1749 quod
793 1646 1144 1751 Ἀριστέης
1179 1649 1233 1722 Δ
1270 1653 1358 1724 13
1399 1661 1510 1725 est
1543 1676 1811 1727 nomen
1846 1653 2677 1742 hominisProconnesii
2714 1653 2856 1725 hoc

568 1792 680 1856 est
705 1783 988 1855 ionicae
1016 1781 1287 1876 stirpiS,
1308 1774 1655 1880 Ἀριστέας
1674 1777 1737 1851 Η
1759 1782 1898 1855 137
1920 1782 2311 1855 Corinthii.
2369 1784 2499 1855 sed
2523 1782 2664 1853 hoc
2690 1782 2856 1876 ipso

570 1921 960 2006 praecepto
995 1919 1406 2005 opportune
1443 1934 1849 1998 monemur,
1879 1935 1974 1985 ne
2002 1912 2367 2006 quidquid
2391 1911 2855 2006 grammatici

572 2042 908 2135 quamvis
946 2064 1113 2112 vere
1151 2041 1747 2113 animadvertunt
1796 2042 1888 2113 ad
1937 2040 2455 2115 stabiliendam
2499 2041 2857 2111 continuo

568 2171 1108 2264 regendamque
1129 2170 1565 2263 scriptorum
1585 2179 1962 2264 tamquam
1986 2170 2226 2243 edicto
2247 2170 2857 2242 consuetudinem

572 2301 996 2374 abutamur:
1053 2299 1114 2370 si
1153 2298 1453 2393 quidem
1488 2298 1906 2372 Herodotus
1943 2299 2109 2394 ipsa
2141 2298 2612 2372 Doriensium
2648 2299 2731 2369 in
2774 2299 2859 2375 ᾶξ

573 2429 873 2501 nomina
921 2426 1273 2522 pleraque
1324 2437 1742 2502 constanter
1789 2429 2001 2502 effert
2050 2452 2182 2523 per
2224 2454 2311 2527 ης
2359 2452 2454 2498 εω
2489 2451 2538 2525 ῃ
2575 2452 2665 2524 ην
2685 2483 2699 2508 ,
2768 2437 2859 2496 ut

562 2552 845 2658 Ἀρχίης
883 2543 1141 2656 Ἱ-Ιγίης
1193 2554 1583 2656 Παυσανίης
1634 2556 1978 2657 Σπερθίης
2027 2553 2298 2655 Κελέης
2349 2553 2628 2653 Πυθέης
2664 2551 2857 2626 Παν-

569 2691 760 2785 τίτης
798 2684 1242 2787 Παραιβάτης
1281 2686 1665 2781 multaque
1703 2687 1783 2759 in
1821 2685 1967 2784 ὃης.
2061 2686 2257 2758 idem
2293 2687 2374 2758 in
2409 2683 2579 2757 aliis
2612 2686 2859 2755 nomi-

571 2817 792 2888 nibus
811 2871 830 2903 ,
883 2824 1042 2886 tum
1091 2814 1370 2888 eisdem
1420 2826 1581 2888 tum
1635 2840 1901 2910 genere
1952 2812 2299 2886 affinibus
2349 2823 2427 2887 et
2460 2814 2723 2885 doricis
2780 2824 2859 2885 et

570 2943 1081 3016 communibus
1133 2968 1282 3015 non
1334 2945 1616 3017 devitat
1663 2942 2227 3038 disparilitatem
2248 2998 2265 3030 ,
2327 2967 2571 3037 neque
2631 2966 2855 3036 quam

571 3072 911 3147 vocabuli
942 3071 1291 3166 simplicis
1317 3072 1624 3145 formam
1652 3097 2001 3168 usurpare
2030 3073 2409 3145 consuevit
2432 3072 2741 3143 eandem
2774 3072 2857 3143 in

573 3203 992 3297 compositis
1027 3226 1315 3297 semper
1349 3205 1644 3290 retinet,
1696 3204 1907 3275 cuius
1942 3203 2050 3275 rei
2101 3227 2269 3275 cum
2312 3200 2461 3274 alia
2497 3198 2692 3273 infra
2725 3202 2858 3271 da-

571 3336 848 3405 buntur
880 3331 1248 3426 exempla,
1288 3341 1448 3403 tum
1481 3332 1667 3404 haec
1703 3341 1878 3405 sunt
1910 3332 2254 3426 insignia.
2347 3328 2613 3404 vocula
2645 3337 2734 3429 γῆ
2775 3331 2857 3402 in

570 3461 989 3556 compositis
1025 3461 1184 3532 abit
1218 3461 1297 3533 in
1334 3486 1512 3558 γεωε
1555 3457 1615 3531 Η
1649 3462 1746 3534 28
1776 3459 2164 3558 γεωπέδων,
2206 3455 2270 3530 Β
2299 3461 2368 3533 6.
2410 3456 2462 3530 Θ
2498 3460 2632 3531 111
2672 3484 2857 3557 γεω-

569 3592 812 3675 πεῖναι,
853 3588 907 3661 Δ
937 3591 1086 3663 200
1125 3589 1646 3687 γεωρυχέοντας,
1689 3598 1765 3665 at
1801 3590 1880 3662 in
1917 3613 2004 3687 γα
2043 3584 2106 3658 H
2144 3590 2286 3661 155
2322 3588 2479 3669 τοὺς
2513 3589 2860 3685 γαμόρους

572 3717 1020 3812 καλεομένους
1053 3724 1188 3789 τῶν
1219 3715 1682 3816 Συρηκοσίων.
1754 3717 1926 3799 λεώς
1961 3743 2131 3791 eum
2168 3718 2447 3812 ubique
2482 3716 2861 3810 scripsisse

571 3873 706 3919 nec
758 3855 887 3919 aut
936 3845 1103 3928 λαός
1154 3858 1283 3917 aut
1334 3845 1537 3943 ληός,
1590 3848 1783 3940 quod
1835 3848 2134 3942 quidem
2185 3846 2570 3918 Dindorfio
2620 3845 2861 3938 magis

570 3977 875 4071 placuit,
911 3973 1131 4048 facile
1168 3976 1483 4047 concedo
1519 3976 1900 4048 Bredovio.
1970 3975 2142 4046 λεών
2179 3976 2375 4049 enim
2413 3971 2560 4046 fuit
2595 3976 2675 4045 in
2712 3978 2861 4045 Ar-

570 4107 887 4203 chetypo
936 4107 1009 4176 A
1048 4106 1170 4177 22.
1227 4100 1276 4174 Θ
1324 4104 1493 4191 136,
1546 4104 1682 4176 λεώ
1735 4129 1866 4198 pro
1915 4104 2087 4177 λεών
2130 4103 2395 4177 leviter
2427 4111 2858 4197 corruptum

573 4236 814 4321 Β129,
830 4232 1085 4327 paullo
1104 4234 1398 4328 gravius
1417 4241 1839 4327 corruptum
1860 4235 1959 4306 131
1976 4235 2073 4306 24
2094 4232 2283 4304 ἄλλω
2301 4257 2431 4328 pro
2448 4230 2599 4329 λεῷ,
2626 4231 2858 4305 semel

571 4362 743 4461 ληός
759 4363 822 4433 Ε
841 4363 963 4447 42,
983 4361 1208 4435 semel
1233 4362 1394 4434 λαόν
1416 4359 1470 4432 Δ
1497 4364 1662 4434 148.
1707 4364 1892 4436 haec
1919 4364 2147 4458 igitur
2170 4363 2315 4433 duo
2343 4386 2495 4434 non
2520 4362 2857 4433 dubitavi

444 4488 459 4503 “
574 4492 968 4586 corrigere:
1006 4492 1135 4562 sed
1163 4492 1360 4564 idem
1390 4493 1587 4585 quod
1612 4493 1693 4565 in
1715 4491 2073 4590 λαοφόρων
2091 4494 2165 4564 Α
2190 4492 2329 4564 187
2351 4492 2855 4585 obtemperavi
