3059 5125
513 347 678 394 xxvr
1500 328 1792 385 Praefatio.

518 529 810 601 quoque
866 504 1135 580 formas
1154 561 1174 593 ‚
1227 529 1540 603 quarum
1587 507 1971 603 primitiva
2018 507 2294 602 positio
2341 518 2537 582 esset
2583 509 2662 581 in
2700 532 2801 579 αο

517 633 636 709 vel
675 659 818 717 αου,
875 660 1026 708 non
1065 644 1214 708 tam
1260 636 1342 708 in
1377 661 1453 708 ιο
1505 637 1729 731 quam
1776 637 1858 709 in
1907 661 2003 708 εω
2050 636 2433 711 dilatavit:
2508 662 2655 733 quo
2697 639 2802 709 de

516 788 781 859 genere
817 773 894 839 et
929 765 1312 838 temerario
1339 773 1415 839 et
1441 790 1733 839 omnem
1760 764 1981 838 illum
2007 764 2252 839 locum
2278 764 2805 862 perdifficilem

519 894 755 989 magis
800 894 1024 967 etiam
1060 894 1530 989 perturbanti
1578 893 1916 990 pluribus
1969 894 2147 968 alibi
2197 897 2507 969 dicetur.
2597 896 2805 968 idem

519 1024 716 1118 quod
746 1033 1224 1119 augmentum
1262 1026 1459 1119 qnod
1493 1033 1796 1098 vocatur
1844 1025 2247 1120 temporale
2296 1028 2379 1102 in
2414 1023 2808 1097 nonnullis

525 1153 763 1225 verbis
812 1153 1166 1225 omissum
1215 1154 1404 1227 vidit
1420 1208 1440 1241 ‚
1507 1153 1886 1248 postulare
1936 1155 2041 1227 sio
2089 1153 2387 1228 dialecti
2435 1155 2807 1227 rationem

520 1291 748 1368 ratus,
785 1282 867 1354 in
904 1280 1071 1354 aliis
1107 1281 1231 1355 hic
1266 1281 1426 1354 illio
1469 1305 1604 1356 suo
1641 1284 2001 1356 arbitratu
2032 1283 2357 1357 sustulit.
2451 1284 2629 1356 hinc
2665 1282 2813 1354 ina

524 1411 708 1508 ἄγον,
768 1407 1182 1505 ἀνειλόμεθα,
1237 1409 1585 1510 ἐξεγὲρθη,
1644 1410 2066 1511 συνενείχθη,
2130 1410 2298 1512 ἔρξε,
2353 1410 2620 1484 ἕποντο.
2726 1423 2811 1485 et

524 1541 706 1614 haec
741 1540 1044 1635 quidem
1077 1541 1161 1612 in
1197 1538 1540 1627 dialecto,
1591 1539 1810 1634 plura
1856 1541 2083 1614 etiam
2137 1541 2219 1613 in
2255 1542 2421 1637 ipsa
2468 1542 2811 1614 oratione

529 1678 912 1744 versantur
945 1668 1066 1743 vel
1101 1669 1547 1742 vindicanda
1582 1671 1675 1742 ab
1720 1671 2008 1743 mendis
2045 1670 2165 1745 vel
2212 1673 2305 1746 ad
2340 1669 2813 1744 subtiliorem

526 1799 1200 1895 elegantioremque
1233 1783 1555 1894 speciem
1606 1797 2070 1894 expolienda.
2162 1809 2239 1873 et
2280 1801 2554 1874 menda
2601 1801 2813 1872 haud

525 1930 750 2003 dubie
799 1928 1079 2002 exemit
1126 1952 1292 2001 cum
1343 1928 1641 2024 scripsit
1686 1952 1730 2002 e
1780 1930 2202 2003 coniectura
2253 1931 2326 2002 A
2363 1929 2458 2003 30
2500 1937 2625 2029 γῆν
2670 1953 2815 2024 pro

526 2064 672 2159 τήν,
733 2060 829 2132 82
883 2056 1319 2131 ὑπελείποντο
1367 2083 1501 2153 pro
1554 2056 1975 2143 υπιλίποντο,
2042 2055 2100 2131 Ε
2140 2061 2237 2133 75
2284 2057 2814 2157 παραλυομένου

529 2214 664 2285 pro
697 2185 1250 2288 παραλυομένων,
1293 2184 1356 2258 Η
1395 2188 1537 2261 130
1576 2186 1869 2286 ῥεέθρων
1909 2211 2041 2283 pro
2078 2187 2378 2287 ῥέεθρον.
2462 2195 2813 2282 recteque

532 2328 609 2393 et
644 2317 1022 2414 supplevit
1081 2316 1520 2412 particulam
1585 2314 1649 2389 B
1710 2317 1853 2389 125
1907 2315 2220 2415 λελέχθω
2265 2317 2394 2415 γάρ
2458 2326 2535 2390 et
2590 2316 2817 2389 eiecit

533 2444 590 2521 A
632 2449 729 2521 94
766 2449 876 2520 καὶ
910 2444 1303 2548 καταβῆναι.
1396 2456 1475 2518 at
1524 2470 1746 2541 quam
1796 2455 1913 2519 est
1958 2445 2225 2519 talium
2260 2469 2612 2522 numerus
2647 2447 2817 2519 exi-

528 2603 718 2676 guus
765 2602 944 2673 prae
991 2576 1474 2650 multitudine
1521 2575 1906 2650 inutilium
1960 2586 2091 2651 aut
2124 2578 2349 2649 etism
2385 2599 2813 2671 pravorum.

532 2712 623 2782 de
659 2708 932 2804 quibus
969 2716 1058 2779 ut
1091 2707 1415 2781 breviter
1449 2705 1848 2792 absolvam,
1899 2706 2214 2778 immisit
2247 2703 2459 2779 nulls
2493 2707 2820 2779 necessi-

533 2850 686 2913 tate
723 2841 815 2911 de
851 2860 985 2910 suo
1021 2834 1416 2908 articulum
1465 2832 1530 2909 B
1578 2837 1720 2911 125
1753 2836 1824 2906 αἱ
1862 2837 2183 2933 μηχαναί,
2240 2830 2299 2905 Γ
2332 2835 2427 2907 2Ί
2467 2833 2713 2913 πάντες
2754 2836 2819 2905 οἱ

538 2965 902 3067 Αἰγύπτιοι,
959 2965 1055 3038 68
1096 2964 1133 3036 ὁ
1171 2961 1577 3065 Καμβύσης,
1638 2962 1693 3036 Δ
1731 2965 1829 3037 89
1867 2960 1998 3036 ἀνὰ
2045 2965 2159 3034 τὸν
2205 2965 2532 3055 ποταμόν,
2590 2959 2644 3033 Ζ
2681 2957 2822 3035 861³

536 3099 608 3178 ἐς
637 3099 764 3194 τὴν
800 3093 1142 3193 Σπάρτην,
1185 3091 1236 3165 Θ
1283 3094 1424 3167 106
1461 3094 1500 3164 ὁ
1531 3080 1971 3192 ιΕρμότιμοοευ
2014 3086 2039 3162 Ι
2078 3091 2127 3164 8
2167 3090 2202 3161 ὁ
2230 3077 2687 3188 Ἀλέξανδρος,
2711 3131 2826 3143 --·

537 3248 940 3323 pronomen
991 3219 1055 3295 Β
1092 3224 1161 3324 8.
1190 3223 1305 3294 τὸν
1357 3220 1556 3293 αὐτὸν
1606 3222 1855 3318 τρόπον
1910 3221 2045 3290 τὸν
2101 3222 2244 3299 καί,
2300 3216 2354 3290 Γ
2390 3218 2488 3293 98
2524 3217 2821 3315 φλοΐνην

536 3359 645 3456 ἤν,
669 3379 765 3429 ne
781 3354 1022 3429 ionice
1045 3353 1372 3448 quidem,
1404 3392 1495 3407 -
1515 3349 1645 3450 γάρ
1686 3344 1867 3422 Β94
1885 3344 1970 3419 τὰ
1992 3346 2119 3446 γὰρ
2146 3346 2216 3418 ἐν
2236 3334 2559 3444 Ἕλλησι,
2592 3344 2648 3417 Δ
2673 3346 2824 3420 119

539 3487 575 3556 ὁ
614 3482 736 3580 μὲν
773 3481 899 3582 γὰρ
940 3481 1265 3565 Γελωνός,
1304 3523 1411 3537 --
1437 3503 1512 3550 τι
1562 3476 1615 3550 Θ
1646 3479 1744 3552 66
1780 3473 2070 3575 Τηνίους
2102 3499 2176 3547 τε
2212 3479 2341 3559 καί,
2388 3514 2474 3528 —-·
2510 3477 2623 3547 καί
2660 3471 2813 3548 141

536 3611 790 3689 πολλὸν
828 3611 904 3684 δὲ
939 3613 1051 3684 καὶ
1086 3608 1392 3710 ἄργυρον,
1445 3608 1768 3702 denique
1820 3604 1938 3679 vel
1974 3603 2269 3701 singula
2302 3602 2684 3690 vocabula,
2735 3613 2828 3677 ut

540 3743 594 3817 P
632 3744 729 3819 28
768 3740 1032 3841 φορέει,
1088 3736 1141 3810 Δ
1187 3740 1328 3812 184
1368 3738 1563 3816 ὁδοῦ,
1634 3734 1745 3809 17
1788 3735 1932 3817 ἐόν,
1995 3733 2116 3809 vel
2164 3733 2384 3830 plura
2432 3741 2519 3805 ut
2565 3727 2630 3803 Β
2677 3734 2827 3805 122

540 3874 675 3946 εἴτε
729 3859 815 3943 δι’
876 3867 1046 3942 ἄλλο
1096 3892 1179 3940 τι.
1302 3866 1621 3939 mutavit
1682 3888 1900 3960 porro
1960 3872 2373 3958 temporum
2432 3862 2827 3946 rationem,

543 4001 748 4075 velut
795 3997 1099 4096 ἐγίνοντο
1153 4021 1288 4093 pro
1339 3996 1634 4094 ἐγίνοντο
1695 3991 1749 4066 Α
1793 3994 1914 4067 31.
1963 3995 2129 4065 1Ί5.
2201 3989 2265 4064 Β
2312 3992 2478 4064 103.
2553 3987 2604 4059 Θ
2650 3992 2828 4077 168,

544 4129 824 4204 ἐκάλεσε
851 4151 986 4223 pro
1011 4126 1252 4200 ἐκάλει
1283 4123 1335 4198 Γ
1364 4128 1488 4212 27,
1526 4121 1817 4196 ἔστασαν
1847 4145 1980 4218 pro
2008 4119 2302 4220 ἔστησαν
2340 4117 2367 4191 1
2413 4120 2531 4208 18,
2568 4129 2831 4192 contra

546 4256 901 4351 ἀπέταμα
951 4280 1085 4352 pro
1134 4252 1493 4352 ἀπέπιμᾲ
1543 4250 1597 4325 Γ
1646 4254 1770 4325 21.
1890 4258 2002 4325 est
2055 4249 2283 4325 etiam
2334 4249 2468 4323 ubi
2518 4248 2831 4322 invertit

546 4388 876 4463 ordinem
906 4386 1294 4460 verborum
1324 4393 1701 4479 tamquam
1730 4381 1977 4454 minus
2008 4389 2265 4476 aptum
2294 4375 2373 4475 (Δ
2398 4379 2522 4451 48.
2556 4374 2619 4450 Η
2656 4380 2747 4451 17
2753 4379 2827 4453 6.

547 4518 598 4597 Θ
659 4518 849 4619 107).
975 4541 1018 4590 e
1066 4514 1356 4613 reliquo
1409 4514 1555 4586 iam
1617 4512 2199 4586 coniecturarum
2258 4531 2564 4583 numero
2622 4508 2833 4582 haud
