3059 5125
1221 344 1609 410 -Δ-
2430 347 2553 408 453

439 519 662 620 Μέχρι
703 520 823 616 μὲν
866 522 950 619 δὴ
988 529 1122 593 τῶν
1149 511 1537 593 Ἀτλάντων
1587 522 1841 592 τούτων
1897 519 2043 618 ἔχω
2090 519 2174 592 τὰ
2210 519 2692 613 οὐνόματα185

282 652 418 714 τῶν
454 641 524 714 ἐν
559 643 646 740 τῇ
685 641 905 740 ὀφρύῃ
946 641 1450 739 κατοικημένων
1489 638 1866 722 καταλέξαι,
1903 643 1978 711 τὸ
2016 628 2080 709 δ’
2127 636 2262 712 ἀπὸ
2296 642 2551 711 τούτων

283 762 526 835 οὐκέτι.
616 763 832 860 διήκει
883 748 947 833 δ’
1009 760 1104 830 ὧν
1160 763 1208 860 ἡ
1259 760 1479 858 ὀφρύη
1542 758 1742 858 μέχρι
1784 746 2191 859 (Ηρακλέων
2246 759 2556 859 στηλέων

284 886 394 955 καὶ
428 885 506 954 τὸ
544 881 676 964 ἔξω
712 880 1026 955 τουτέων.
1119 877 1259 952 ἔστι
1311 877 1385 952 δὲ
1431 878 1594 960 ἁλός
1644 905 1713 953 τε
1754 879 2084 975 μέταλλον
2125 880 2195 953 ἐν
2234 880 2408 980 αὐτῇ
2446 880 2556 953 διὰ

213 1021 244 1071 5
284 1003 446 1075 δέκα
494 1001 808 1101 ἡμερέων
865 1000 1028 1072 ὀδοῦ
1081 1002 1189 1073 καὶ
1242 998 1586 1098 ἄνθρωποι
1640 999 1985 1081 οἰκέοντες.
2106 999 2190 1072 τὰ
2247 999 2323 1073 δὲ
2381 1001 2555 1073 οἰκία

280 1125 578 1196 τούτοισι
613 1126 780 1195 πᾶσι
817 1122 891 1194 ἐκ
939 1128 1072 1192 τῶν
1123 1118 1367 1192 ἁλίνων
1423 1121 1727 1219 χόνδρων
1765 1120 2255 1214 οἰκοδομέαται.
2346 1128 2555 1194 ταῦτα

281 1244 412 1343 γὰρ
465 1242 604 1342 ἤδη
665 1250 788 1342 τῆς
843 1238 1106 1342 Λιβύης
1161 1239 1466 1341 ἄνομβρά
1517 1240 1698 1314 ε’στι·
1768 1241 1846 1312 οὐ
1901 1239 2027 1337 γὰρ
2087 1237 2164 1311 ἂν
2221 1241 2554 1340 ἠδυνέατο

286 1364 506 1459 μένειν
555 1365 618 1434 οἱ
669 1365 884 1459 τοῖχοι
937 1361 1158 1442 ἐόντες
1208 1358 1440 1442 ἅλινοι,
1501 1361 1560 1431 εί
1614 1358 1710 1433 ὗε.
1803 1360 1839 1431 ὁ
1878 1357 1953 1432 δὲ
1988 1357 2113 1441 ἃλς
2162 1359 2396 1432 αὐτόθι
2449 1363 2554 1432 καὶ

286 1484 519 1564 λευκὸς
581 1484 691 1554 καὶ
744 1482 1125 1581 πορφύρεος
1198 1482 1273 1551 τὸ
1336 1478 1512 1560 εἶδος
1574 1479 1948 1578 ὀρύσσεται.
2078 1478 2243 1580 ὑπὲρ
2299 1479 2375 1553 δὲ
2429 1488 2555 1579 τῆς

179 1618 244 1668 ιο
284 1604 546 1702 ὀφρύης
592 1602 846 1700 ταύτης
894 1603 969 1672 τὸ
1016 1602 1186 1700 πρὸς
1220 1602 1414 1672 νότου
1461 1601 1572 1672 καὶ
1627 1600 1698 1681 ἐς
1734 1601 2097 1697 μεσόγαιαν
2134 1608 2259 1700 τῆς
2296 1598 2557 1701 Λιβύης

283 1724 543 1822 ἔρημος
580 1724 687 1794 καὶ
723 1720 1002 1819 ἄνυδρος
1038 1722 1144 1792 καὶ
1182 1719 1444 1819 ἄθηρος
1481 1723 1588 1792 καὶ
1626 1719 1965 1821 ἄνομβρος
1996 1722 2107 1791 καὶ
2139 1718 2379 1802 ἄξυλός
2414 1719 2556 1794 ἐστι

283 1846 330 1943 ἡ
366 1847 587 1941 χώρη,
629 1842 738 1913 καὶ
776 1841 1052 1934 ἰκμάδος
1087 1840 1224 1913 ἐστὶ
1264 1839 1333 1913 ἐν
1372 1838 1547 1939 αὐτῇ
1587 1838 1807 1912 οὐδέν.

438 1959 634 2033 Οὕτω
690 1958 812 2056 μὲν
866 1960 1064 2058 μέχρι
1119 1967 1243 2060 τῆς
1292 1955 1689 2058 Τριτωνίδος
1743 1960 1986 2058 λίμνης
2042 1950 2156 2034 ἀπ’
2215 1956 2692 2059 Αίγύπτου186

285 2082 577 2178 νομάδες
644 2080 770 2153 εἰσὶ
835 2079 1195 2179 κρεοφάγοι
1249 2103 1321 2152 τε
1379 2082 1488 2152 καὶ
1544 2079 2039 2176 γαλακτοπόται
2094 2079 2363 2181 Λίβυες,
2446 2080 2557 2150 καὶ

180 2218 246 2268 15
287 2203 560 2302 θηλέων
597 2226 672 2273 τε
708 2199 887 2301 βοῶν
941 2197 1085 2271 οὔτι
1134 2202 1516 2296 γευόμενοι,
1576 2200 1741 2272 διότι
1793 2226 1920 2299 περ
1972 2199 2131 2271 οὐδὲ
2185 2195 2550 2298 Αἰγύπτιοι,

288 2325 396 2395 καὶ
432 2321 508 2403 ῦς
544 2319 624 2393 οὐ
658 2319 1033 2419 τρέφοντες.
1127 2318 1306 2419 βοῶν
1349 2317 1469 2412 μέν
1519 2347 1632 2391 νυν
1682 2319 1959 2419 θηλέων
2009 2312 2160 2392 οὐδ’
2211 2319 2279 2391 αἱ
2316 2315 2555 2417 Κυρη-

284 2448 488 2516 ναίων
526 2443 824 2538 γυναῖκες
858 2438 1181 2514 δικαιεῦσι
1212 2438 1582 2512 πατέεσθαι
1620 2438 1731 2513 διὰ
1761 2441 1887 2537 τὴν
1923 2439 1991 2513 ἐν
2018 2433 2551 2536 ΑίγύπτῳἾσιν,

287 2559 462 2637 ἀλλὰ
514 2563 621 2634 καὶ
674 2563 1006 2659 νηστηίας
1060 2559 1232 2659 αὐτῇ
1285 2561 1394 2632 καὶ
1443 2557 1641 2658 ὁρτὰς
1689 2558 2144 2633 ἐπιτελέουσι·
2202 2561 2271 2631 αἱ
2307 2558 2382 2633 δὲ
2416 2568 2554 2631 τῶν

288 2680 646 2782 Βαρκαίων
710 2681 1012 2778 γυναῖκες
1078 2678 1237 2752 οὐδὲ
1310 2680 1445 2752 ὑῶν
1515 2684 1685 2779 πρὸς
1747 2682 1906 2778 τῇσι
1973 2679 2165 2781 βουσὶ
2230 2683 2553 2777 γεύονται.

174 2822 247 2871 2⁰
287 2809 497 2876 ταῦτα
547 2799 667 2895 μὲν
717 2800 804 2896 δὴ
863 2797 1038 2871 οὕτω
1089 2797 1254 2897 ἔχει.
1347 2803 1424 2871 τὸ
1474 2798 1550 2873 δὲ
1598 2802 1767 2900 πρὸς
1803 2798 2098 2899 ἑσπέρης
2132 2807 2257 2900 τῆς
2292 2795 2551 2899 Τριτω-
2578 2812 2692 2874 187

284 2922 466 3003 νίδος
522 2921 765 3019 λίμνης
817 2918 1038 2991 οὐκέτι
1083 2918 1372 3014 νομάδες
1423 2920 1549 2993 είσὶ
1588 2918 1832 3021 Λίβυες
1880 2918 2040 2991 οὐδὲ
2087 2922 2352 3013 νόμοισι
2385 2924 2556 2993 τοῖσι

286 3043 543 3117 αὐτοῖσι
579 3044 973 3139 χρεώμενοι.
1014 3036 1171 3113 οὐδὲ
1207 3038 1374 3112 κατὰ
1408 3038 1492 3113 τὰ
1523 3040 1761 3112 παιδία
1794 3044 2133 3120 ποιεῦντες
2169 3036 2313 3110 οἶόν
2351 3065 2413 3112 τι
2449 3042 2556 3111 καὶ

284 3165 350 3235 οἱ
383 3161 670 3257 νομάδες
706 3158 961 3233 ἐώθασι
995 3158 1272 3232 ποιέειν.
1365 3161 1427 3231 οἱ
1462 3159 1590 3260 γὰρ
1636 3158 1721 3258 δὴ
1759 3165 1891 3231 τῶν
1933 3158 2204 3259 Λιβύων
2242 3159 2552 3253 νομάδες,

284 3283 342 3356 εἰ
396 3282 518 3378 μὲν
567 3279 830 3362 πάντες,
887 3278 1006 3351 οὐκ
1057 3277 1202 3377 ἔχω
1251 3275 1586 3379 ἀτρεκέως
1636 3283 1832 3352 τοῦτο
1883 3279 2109 3364 εἰπεῖν,
2174 3283 2435 3351 ποιεῦσι
2485 3276 2559 3350 δὲ

180 3421 248 3471 25
285 3402 510 3475 αὐτῶν
563 3402 796 3499 συχνοὶ
849 3399 1094 3472 τοιάδε.
1199 3406 1335 3472 τῶν
1390 3401 1676 3473 παιδίων
1732 3406 1865 3471 τῶν
1917 3398 2295 3497 σφετέρων,
2355 3398 2555 3471 ἐπεὰν

283 3522 643 3622 τετραέτεα
704 3519 1024 3619 γένηται,
1094 3521 1297 3617 οἴσπῃ
1361 3519 1723 3619 προβάτων
1782 3523 2039 3591 καίουσι
2100 3518 2218 3600 τὰς
2270 3517 2339 3590 ἐν
2401 3520 2556 3616 τῇσι

596 3758 672 3812 ότι
697 3758 745 3811 οἱ
769 3755 952 3828 Λίβυες
975 3757 1066 3818 τὰς
1093 3754 1283 3829 φλέβας
1307 3762 1401 3827 τῆς
1425 3756 1658 3828 κεφαλῆς
1682 3755 1909 3808 καίουσιν

493 3951 578 4002 26.
618 3946 794 4012 Λέξεις

390 4108 441 4159 2.
482 4104 632 4176 ὀφρύι
659 4103 746 4158 Pa
812 4105 834 4167 ΙΙ
915 4101 971 4156 δὲ
999 4103 1056 4156 R
1134 4104 1157 4167 ΙΙ
1236 4104 1284 4154 3.
1327 4101 1679 4173 ἠρακληΐωνι
1758 4104 1781 4167 ΙΙ
1864 4104 1912 4153 4.
1955 4100 2077 4167 ἔστι]
2106 4104 2158 4156 ἐν
2188 4103 2245 4156 R
2312 4105 2334 4167 ΙΙ
2407 4105 2453 4155 7.
2496 4102 2557 4156 ἂν

285 4193 393 4229 om.
423 4176 508 4229 Rz
561 4177 584 4239 ΙΙ
640 4172 915 4243 ὴδυναίατο
949 4190 976 4225 2
1028 4174 1051 4237 ΙΙ
1113 4173 1194 4225 10.
1234 4172 1359 4241 πρὸς
1381 4172 1527 4225 νότον
1552 4170 1640 4223 καὶ
1666 4171 1935 4241 μεσόγαιαν
1964 4171 2096 4224 PRz
2154 4173 2177 4236 ΙΙ
2246 4173 2322 4224 11.
2362 4170 2556 4242 ἐρῆμος

292 4244 388 4299 CP
440 4247 466 4308 u
530 4245 609 4296 14.
651 4242 1004 4313 κρεωφάγοιά
1070 4245 1093 4307 ΙΙ
1166 4243 1245 4293 15.
1359 4240 1489 4293 λεὼν
1516 4241 1623 4294 PR
1682 4243 1705 4305 ΙΙ
1763 4240 1839 4294 ὅτι
1871 4238 2152 4304 eno-'atone
2220 4243 2243 4306 ΙΙ
2317 4243 2396 4293 16.
2437 4241 2556 4294 οὐδὲ

287 4312 340 4365 R
398 4315 420 4378 ΙΙ
484 4314 561 4365 17.
605 4309 852 4364 ἅπτεσθαι
875 4311 1074 4365 ABG&
1125 4314 1148 4377 ΙΙ
1213 4313 1293 4364 18.
1433 4310 1600 4364 dom.
1629 4310 1667 4363 d
1709 4312 1731 4375 ΙΙ
1776 4308 2009 4379 νηστείας
2036 4311 2085 4364 L
2131 4312 2152 4374 ΙΙ
2204 4311 2270 4363 ἐπ
2357 4309 2559 4363 δεύουσι

285 4383 448 4436 Rzet
471 4382 604 4452 ἢν.
635 4389 698 4434 ut
720 4378 934 4433 videtur
979 4382 1001 4444 ΙΙ
1054 4382 1131 4433 19.
1172 4380 1402 4451 βαρκέων
1432 4381 1483 4433 Β
1529 4381 1553 4444 ΙΙ
1601 4382 1683 4431 20.
1723 4376 1887 4438 οὕτως
1915 4379 1970 4432 R
2016 4380 2039 4443 ΙΙ
2084 4378 2149 4432 τὸ.
2179 4381 2227 4434 C
2266 4382 2288 4444 ΙΙ
2377 4381 2421 4432 1.
2461 4380 2558 4432 ούκ

284 4452 474 4506 ἔστιΙί
527 4454 554 4517 ΙΙ
612 4452 695 4502 22.
777 4450 1085 4518 ρεόμενοιΡ
1135 4452 1157 4514 u
1215 4448 1442 4503 πεδίαΒ
1501 4451 1523 4514 ΙΙ
1584 4450 1665 4500 23.
1706 4447 1916 4502 εἰώθασι
1940 4448 2139 4502 ABCd
2192 4451 2215 4514 ΙΙ
2281 4451 2364 4502 24.
2402 4454 2555 4502 τοῦτο

284 4520 538 4593 ἀτρεκέως
565 4521 621 4574 R
661 4522 684 4586 [Ι
729 4466 867 4575 &aaz
888 4537 916 4572 t:
961 4520 984 4583 ΙΙ
1033 4520 1115 4571 26.
1155 4517 1398 4590 γένωνται
1428 4519 1475 4573 C
1507 4520 1528 4583 ΙΙ
1572 4517 1748 4590 οίσπηι
1770 4516 2066 4589 ,4130pr.d.
2104 4517 2344 4587 (gloss.):
2370 4517 2554 4591 οίσύπη
