3059 5125
1079 322 1494 389 -H—
2308 324 2422 388 161

175 499 361 598 ἤθεσι
410 500 577 572 τοῖσι
614 496 932 599 Περσέων
995 500 1286 594 μενέτω,
1339 500 1574 599 ἡμέων
1639 500 1715 572 δὲ
1766 500 2166 601 ἀμφοτέρων
2207 526 2427 600 παρα-

177 619 590 721 βαλλομένων
639 617 725 690 τὰ
772 620 1007 707 τέκνα,
1061 619 1511 718 στρατηλάτεε
1574 620 1773 701 αὐτὸς
1828 622 1909 694 σὺ
1957 620 2430 715 ἐπιλεξάμενός

175 764 245 810 τε
277 736 510 837 ἄνδρας
540 739 697 819 τοὺς
734 738 996 819 ἐθέλεις
1029 732 1139 811 καὶ
1180 739 1407 840 λαβὼν
1445 743 1761 838 στρατιὴν
1790 741 2039 838 ὁκόσην
2079 740 2227 812 τινὰ
2266 740 2427 840 βού-

176 858 334 929 λεαι.
412 859 517 928 καὶ
566 856 653 954 ἢν
710 856 833 951 μὲν
880 859 964 956 τῇ
1021 861 1103 929 σὺ
1155 857 1371 955 λέγεις
1421 854 1751 958 ἀναβαίνῃ
1809 858 2071 958 βασιλέι
2127 859 2209 931 τὰ
2245 862 2428 956 πρή-

112 1002 140 1047 5
174 1003 418 1073 γματα,
454 976 855 1048 κτεινέσθων
894 979 956 1049 οἱ
993 977 1144 1071 ἐμοὶ
1178 976 1446 1065 παῖδες,
1499 978 1671 1076 πρὸς
1708 975 1783 1047 δὲ
1819 979 2074 1051 αὐτοῖσι
2114 981 2221 1050 καὶ
2258 978 2425 1075 ἐγώ·

172 1096 254 1193 ἢν
293 1094 360 1166 δὲ
390 1098 472 1194 τῇ
506 1095 642 1190 ἐγὼ
679 1095 1018 1194 προλέγω,
1059 1098 1122 1168 οἱ
1160 1099 1264 1169 σοὶ
1300 1101 1511 1168 ταῦτα
1545 1098 1986 1192 πασχόντων,
2040 1099 2159 1170 σὺν
2197 1097 2272 1169 δέ
2310 1124 2428 1193 σφι

173 1217 277 1286 καὶ
323 1216 435 1304 σύ,
490 1215 575 1312 ἢν
629 1212 1125 1314 ἀπονοστήσῃς.
1228 1217 1285 1288 εἰ
1341 1213 1415 1285 δὲ
1464 1221 1676 1286 ταῦτα
1734 1214 1853 1308 μὲν
1913 1216 2255 1289 ὑποδύνειν
2310 1216 2429 1287 οὐκ

173 1334 537 1431 ἐθελήσεις,
592 1334 677 1433 σὺ
735 1334 809 1406 δὲ
862 1335 1133 1414 πάντως
1189 1333 1566 1434 στράτευμα
1623 1332 1882 1415 ἀνάξεις
1932 1337 2042 1408 ἐπὶ
2083 1339 2205 1433 τὴν
2253 1323 2425 1406 Ἓλ-

173 1454 367 1541 λάδα,
405 1451 813 1525 ἀκούσεσθαί
859 1453 1001 1525 τινά
1033 1481 1213 1552 φημι
1250 1461 1385 1524 τῶν
1427 1452 1634 1524 αὐτοῦ
1670 1455 1835 1552 τῇδε
1875 1454 2425 1549 ὑπολειπομένων

92 1597 139 1643 w
177 1568 568 1670 Μαρδόνιον,
623 1570 796 1667 μέγα
833 1599 894 1644 τι
928 1576 1129 1645 κακὸν
1170 1572 1649 1671 ἐξεργασμένον
1695 1571 1994 1671 Πέρσας,
2048 1576 2175 1647 ὑπὸ
2216 1581 2426 1644 κυνῶν

170 1716 239 1762 τε
275 1694 378 1762 καὶ
413 1690 693 1788 ὀρνίθων
733 1690 1259 1790 διαφορεύμενον
1318 1694 1363 1791 ἤ
1416 1720 1533 1763 κου
1583 1691 1652 1763 ἐν
1697 1695 1786 1791 γῇ
1825 1697 1911 1792 τῇ
1941 1683 2339 1795 Ἀθηναίων
2380 1698 2424 1793 ἢ

173 1810 245 1882 σέ
292 1835 360 1905 γε
407 1809 474 1881 έν
521 1813 607 1907 τῇ
658 1808 1240 1905 Λακεδαιμονίων,
1295 1813 1351 1882 εἰ
1406 1815 1501 1910 μὴ
1557 1810 1686 1910 ἄρα
1738 1816 1842 1884 καὶ
1892 1816 2216 1914 πρότερον
2277 1806 2418 1887 κατ’

172 1929 350 2016 ὁδόν,
407 1932 644 2026 γνόντα
708 1919 812 2000 ἐπ’
876 1927 1058 2011 οἱόυς
1117 1929 1365 2028 ἄνδρας
1419 1928 1892 2026 ἀναγινώσκεις
1948 1934 2426 2031 στρατεύεσθαι

173 2041 500 2145 βασιλέα.”

93 2180 143 2229 15
304 2154 726 2267 Ἀρτάβανος
766 2166 883 2261 μὲν
919 2174 1128 2241 ταῦτα
1166 2169 1389 2257 ἔλεξε,
1444 2168 1704 2269 Ξέρξης
1742 2169 1815 2243 δὲ
1849 2172 2195 2267 θυμωθεὶς
2233 2172 2427 2267 άμεί-
2459 2177 2524 2235 11

178 2284 348 2384 βεται
379 2287 647 2358 τοῖσιδε.
714 2273 749 2300 “
772 2277 1182 2387 Ἀρτάβανε,
1236 2291 1488 2385 πατρὸς
1541 2288 1636 2370 εἷς
1692 2297 1812 2363 τοῦ
1850 2290 2016 2385 ἐμοῦ
2055 2290 2423 2390 ἀδελφεός·

176 2407 353 2476 τοῦτό
412 2431 487 2476 σε
550 2406 823 2502 ῥύσεται
882 2406 1145 2504 μηδένα
1210 2406 1391 2488 ἄξιον
1445 2409 1685 2502 μισθὸν
1742 2410 1970 2511 λαβεῖν
2011 2410 2237 2483 ,έπέων
2293 2439 2425 2506 μα-

174 2527 381 2595 ταίων.
452 2528 562 2596 καί
617 2550 719 2596 τοι
764 2527 1018 2624 ταύτην
1075 2529 1198 2625 τὴν
1251 2524 1520 2625 ἀτιμίην
1569 2530 1984 2628 προστίθημι
2034 2530 2206 2603 ἐόντι
2241 2533 2426 2630 κακῷ

175 2646 272 2713 καὶ
318 2640 598 2741 ἀθύμῳ,
672 2649 846 2742 μήτε
897 2647 1459 2744 συστρατεύεσθαι
1511 2647 1741 2744 ἔμοιγε
1791 2648 1901 2721 ἐπὶ
1956 2655 2079 2748 τὴν
2122 2644 2427 2723 Ἑλλάδα

94 2777 147 2826 20
177 2761 362 2834 αὐτοῦ
388 2788 465 2846 ,τε
505 2763 727 2856 μένειν
768 2762 909 2856 ἅμα
944 2769 1098 2863 τῇσι
1137 2764 1413 2860 γυναιξί·
1489 2767 1626 2862 ἐγὼ
1664 2765 1739 2839 δὲ
1779 2772 1886 2840 καὶ
1925 2768 2080 2840 ἄνευ
2128 2772 2247 2842 σέο
2299 2771 2427 2842 ὅσα

174 2905 285 2978 περ
334 2881 486 2953 εἶπα
522 2881 836 2953 ἐπιτελέα
870 2887 1163 2982 ποιήσω.
1270 2888 1364 2981 μὴ
1426 2884 1553 2983 γὰρ
1614 2888 1760 2983 εἴην
1829 2886 1901 2958 ἐκ
1962 2888 2246 2986 Δαρείου
2306 2896 2425 2959 τοῦ

166 2985 569 3081 Ὑστάσπεος
604 3007 725 3073 τοῦ
752 2994 1122 3100 Ἀρσάμεος
1152 3009 1272 3072 τοῦ
1301 2997 1762 3101 Ἀριαράμνεω
1795 3010 1912 3075 τοῦ
1949 3003 2268 3086 Τεΐσπεος
2305 3013 2425 3078 τοῦ

180 3113 385 3218 Κύρου
435 3125 557 3191 τοῦ
596 3116 988 3221 Καμβύσεω
1040 3127 1158 3192 τοῦ
1208 3118 1530 3204 Τεΐσπεος
1586 3128 1702 3193 τοῦ
1732 3112 2177 3220 Ἀχαιμένεος
2228 3150 2423 3222 γεγο-

464 3353 657 3426 Ξέρξου
694 3356 977 3434 ἀντίρρησις
1014 3357 1140 3427 πρὸς
1176 3351 1489 3438 Ἀρξάβανον
1575 3421 1586 3440 γ
1734 3354 2040 3430 Ἀ·,.αιμένης
2085 3362 2094 3430 1
2138 3359 2363 3432 Τεΐσπης
2415 3366 2420 3426 1

362 3421 552 3565 ξειῖιὲἒβίῖ
590 3445 660 3550 ΗΞ
664 3423 910 3566 ρ1ξη1ζῦρος
942 3429 952 3489 1
983 3423 1207 3497 Τεἶσπης
1237 3429 1247 3496 1
1292 3424 1502 3498 Αρμνης
1534 3431 1545 3491 Ι
1591 3425 1773 3499 Αρσαμ
1802 3448 1894 3498 νης
1926 3428 2250 3500 ΙὙστάσπης
2280 3430 2289 3499 Ι
2320 3429 2427 3484 Δα-

638 3638 772 3645 .-

369 3720 584 3770 19-21.
625 3717 944 3773 Eustathius
969 3716 1031 3770 11.
1065 3736 1116 3787 p.
1150 3721 1248 3768 733

274 3855 314 3906 1.
352 3873 422 3907 πα
519 3855 789 3925 αλομένων
815 3856 870 3910 Ρ
922 3857 943 3921 11
1001 3857 1048 3907 2.
1093 3855 1509 3925 στρατηλατέεται
1542 3859 1606 3918 Ο,
1657 3857 2021 3928 στρατηλάτεεν
2049 3859 2104 3911 R
2165 3861 2186 3922 11
2245 3861 2290 3909 3.
2334 3859 2428 3912 θέ-

184 3917 273 3978 λεις
298 3924 343 3978 C
390 3926 413 3989 11
504 3924 707 3977 ούλεται
738 3925 786 3978 G
832 3927 855 3990 11
916 3927 963 3975 4.
1006 3923 1261 3993 ἀναβαίνει
1294 3927 1414 3995 Cpr.
1447 3927 1496 3986 d,
1529 3925 1810 3994 ἀναβαίνειν
1839 3926 1891 3977 R
1950 3930 1971 3992 11
2033 3927 2231 3996 βασιλεῖ
2253 3929 2366 3980 AB
2410 3929 2429 3995 11

188 3989 227 4038 5.
261 3990 310 4043 δὲ
332 3993 540 4059 αὐτοῖσι]
573 3994 629 4045 δέ
656 4010 741 4063 σφι
768 3994 824 4047 Ρ
862 3995 884 4058 11
933 3997 980 4045 6.
1022 3993 1105 4062 ἢν]
1137 3995 1181 4045 εἰ
1208 3995 1245 4044 d
1288 3997 1309 4059 11
1358 3995 1439 4054 ξὺν
1473 3995 1551 4048 001
1592 3998 1615 4060 11
1663 3997 1710 4046 8.
1753 3993 1814 4048 ἂν
1842 3994 1964 4057 ἔξεις
1992 3997 2049 4049 R
2096 3999 2117 4060 11
2175 3999 2223 4046 9.
2267 3996 2427 4048 ἀκού-

189 4057 345 4113 onuba:
371 4061 421 4112 R
488 4065 511 4128 11
581 4064 716 4135 φημὶ
744 4063 800 4116 R
868 4066 891 4127 11
954 4064 1032 4114 1υ.
1077 4063 1184 4133 ἐξερ
1217 4063 1468 4131 ασάμενον
1496 4065 1629 4116 PR:
1686 4067 1708 4127 11
1773 4066 1849 4115 11.
1904 4063 2324 4137 διαφορευόαενον
2357 4065 2420 4124 R,

190 4122 586 4214 διαφθορεύμενον
611 4151 638 4183 z
707 4133 730 4196 11
806 4133 883 4182 12.
927 4131 1043 4201 ἄρα]
1073 4134 1157 4185 καὶ
1182 4081 1330 4201 ἀράς
1400 4135 1421 4197 11
1500 4135 1579 4184 14.
1622 4132 1891 4203 βασιλῆας
1960 4137 1983 4198 ΙΙ
2059 4137 2135 4185 15.
2175 4114 2373 4204 Ξέρξης
2400 4164 2427 4172 -

194 4193 245 4244 16
277 4196 316 4250 Α
354 4199 523 4271 ιάβανε
541 4218 651 4252 om.
687 4199 735 4253 C'
773 4203 796 4265 11
848 4202 924 4251 16.
948 4200 1118 4252 τοῖσδε
1142 4203 1189 4254 J,
1229 4204 1252 4266 11
1300 4203 1377 4251 17.
1401 4206 1550 4253 τοῦτο
1576 4201 1632 4253 δέ
1658 4219 1710 4252 σε
1737 4221 1762 4254 .·.·
1809 4205 1832 4266 11
1885 4205 1961 4253 18.
1991 4221 2069 4254 τοι
2097 4220 2203 4254 om.
2233 4209 2367 4270 Apr.
2411 4203 2428 4264 11

190 4266 312 4331 προτί
367 4270 661 4337 ΙμιΑΒζῖι
727 4272 750 4333 11
826 4271 902 4320 19.
943 4288 997 4321 τε
1032 4269 1119 4321 καὶ
1166 4271 1241 4321 R:
1311 4273 1333 4335 11
1404 4269 1814 4340 Ευστρατεύεσθαι
1846 4271 1923 4323 (fd
1985 4273 2006 4334 11
2080 4271 2250 4342 ἐμοίγε
2295 4273 2366 4323 P:
2410 4269 2429 4336 11

193 4331 259 4380 2⁰·
295 4337 372 4388 καὶ
396 4356 499 4390 om.
532 4339 587 4389 R
633 4340 657 4402 11
717 4339 799 4388 22.
843 4337 1067 4407 ἀράμεος
1092 4339 1150 4391 R
1208 4341 1230 4403 11
1287 4339 1493 4410 ἅρμνεω
1518 4339 1718 4391 ABC'ael
1775 4343 1796 4403 11
1851 4339 2051 4397 τίσπεος
2077 4340 2144 4390 R.
2178 4349 2303 4409 post
2327 4339 2428 4391 boe

193 4402 422 4517 xcidisse
444 4407 690 4475 suspicor
712 4411 801 4457 τοῦ
830 4403 1120 4475 Καμβύσεω
1179 4410 1200 4472 11
1262 4410 1341 4457 23.
1384 4412 1474 4459 τοῦ
1498 4426 1551 4458 τε
1573 4406 1746 4465 ’ίσπεος
1779 4409 1833 4466 ζ’,
1867 4425 1970 4460 om.
2012 4408 2136 4460 PR:
2196 4412 2217 4471 11
2278 4407 2426 4478 ἀχαι-

196 4515 205 4530 .
247 4475 376 4530 ‘med
2173 4491 2174 4494 ¹

278 4570 507 4617 Herodotus
536 4576 595 4618 n.
1957 4563 2011 4612 11
