3059 5125
588 309 708 370 140
1519 310 1921 370 —B—

580 481 644 555 οἳ
679 488 984 580 γενοίατο
1020 490 1277 581 πρῶτοι
1320 480 1722 581 ἀνθρώπων,
1783 481 2207 580 ἐπιτεχνᾶται
2260 483 2537 555 τοιόνδε.
2624 481 2812 554 παιδία

583 605 703 676 δύο
738 602 980 700 νεογνὰ
1017 601 1394 702 ἀνθρώπων
1441 611 1573 675 τῶν
1615 603 2067 701 ἐπιτυχόντων
2119 603 2355 676 δίδωσι
2402 604 2665 697 ποιμένι
2693 603 2811 700 τρέ·

581 749 726 821 φειν
764 722 836 804 ἐς
870 722 953 795 τὰ
988 727 1268 817 ποίμνια
1304 728 1560 822 τροφήν
1598 749 1743 796 τινα
1775 723 2064 822 τοιήνδε,
2102 722 2565 817 ἐντειλάμενος
2595 721 2814 821 μηδένα

580 841 798 916 ἀντίον
838 842 1060 915 αὐτῶν
1096 843 1438 941 μηδεμίαν
1479 847 1716 943 φωνὴν
1756 844 1944 924 ἱέναι,
1998 843 2067 915 ἐν
2107 842 2316 942 στέγῃ
2359 840 2438 913 δὲ
2473 842 2690 943 ἐρήμη
2723 828 2806 914 ἐπ’

581 964 852 1036 ἑωυτῶν
892 961 1165 1036 κέεσθαι
1218 963 1403 1042 αὐτά,
1464 966 1574 1037 καὶ
1628 967 1751 1062 τὴν
1804 965 1991 1062 ὥρην
2052 962 2425 1060 ἐπαγινέειν
2475 989 2594 1060 σφι
2640 961 2813 1058 αἶγας.
2863 978 2883 1026 ⁵

579 1084 937 1182 πλήσαντα
1002 1081 1078 1156 δὲ
1146 1083 1476 1181 γάλακτος
1538 1082 1753 1155 τᾶλλα
1814 1082 2373 1182 διαπρήσσεσθαι.
2515 1088 2710 1154 ταῦτα
2761 1079 2817 1151 δὲ

581 1203 806 1276 ἐποίεέ
860 1229 932 1276 τε
990 1206 1099 1275 καὶ
1156 1202 1539 1276 ἐνετέλλετο
1602 1201 2058 1300 Ψαμμήτιχος
2112 1202 2334 1275 θέλων
2392 1201 2667 1275 ἀκοῦσαι
2711 1207 2815 1271 τῶν

579 1324 885 1406 παιδίων,
945 1320 1528 1420 ἀπαλλαχθέντων
1584 1330 1719 1393 τῶν
1758 1320 2050 1420 ἀσήμων
2098 1321 2566 1421 κνυζημάτων,
2623 1324 2820 1421 ἥντινα

581 1446 813 1542 φωνὴν
867 1442 1140 1542 ῥήξουσι
1195 1446 1507 1540 πρώτην·
1585 1442 1671 1513 τά
1722 1466 1849 1540 περ
1907 1440 2001 1513 ὧν
2050 1444 2157 1515 καὶ
2206 1441 2496 1539 ἐγένετο.
2588 1445 2679 1523 ὡς
2719 1441 2819 1539 γὰρ

581 1564 812 1661 διέτης
859 1566 1102 1661 χρόνος
1152 1562 1459 1661 ἐγεγόνεε
1509 1567 1720 1634 ταῦτα
1768 1564 1869 1658 τῷ
1920 1561 2187 1657 ποιμένι
2235 1565 2621 1660 πρήσσοντι,
2663 1560 2817 1634 ἀνοί-
2846 1576 2887 1626 m

579 1710 760 1783 γοντι
792 1687 914 1781 τὴν
953 1681 1170 1781 θύρην
1207 1684 1313 1755 καὶ
1346 1681 1593 1755 ἐσιόντι
1628 1680 1711 1753 τὰ
1742 1683 1976 1755 παιδία
2012 1679 2366 1781 ἀμφότερα
2400 1689 2821 1783 προσπίπτον·

579 1831 661 1876 τα
699 1803 897 1904 βεκὸς
946 1801 1265 1899 ἐφώνεον,
1326 1802 1645 1901 ὀρέγοντα
1700 1800 1820 1882 τὰς
1873 1804 2126 1900 χεῖρας.
2219 1804 2305 1876 τὰ
2343 1802 2461 1899 μὲν
2502 1806 2584 1906 δὴ
2620 1810 2823 1903 πρῶτα

580 1922 876 2003 ἀκούσας
911 1924 1168 2020 ἥσυχος
1204 1924 1288 2021 ἧν
1328 1922 1363 1992 ὁ
1398 1924 1656 2019 ποιμήν
1690 1943 1702 1957 ·
1770 1924 1866 2002 ὡς
1902 1920 1975 1994 δὲ
2009 1923 2331 2006 πολλάκις
2368 1922 2696 2023 φοῖτέοντι
2737 1922 2823 1992 καὶ

579 2042 1046 2139 ἐπιμελομένῳ
1082 2041 1334 2115 πολλὸν
1373 2045 1458 2141 ἧν
1498 2046 1700 2112 τοῦτο
1735 2045 1810 2113 τὸ
1848 2039 2032 2126 ἔπος,
2078 2043 2255 2116 οὕτω
2294 2046 2381 2144 δὴ
2418 2050 2726 2144 σημήνας
2754 2042 2832 2137 τῷ

581 2166 877 2261 δεσπότῃ
926 2164 1140 2261 ἤγαγε
1193 2161 1277 2233 τὰ
1326 2159 1562 2234 παιδία
1611 2160 2053 2244 κελεύσαντος
2097 2162 2169 2245 ές
2216 2164 2365 2263 ὄψιν
2404 2169 2529 2264 τὴν
2581 2165 2820 2237 ἐκείνου.
2854 2173 2891 2223 ¹⁵

581 2283 876 2364 ἀκούσας
929 2282 1006 2354 δὲ
1057 2285 1165 2354 καὶ
1211 2282 1414 2362 αὐτὸς
1450 2282 1485 2353 ό
1525 2280 1986 2380 Ψαμμήτιχος
2022 2279 2430 2358 ἐπυνθάνετο
2470 2285 2697 2365 οἵτινες
2727 2279 2823 2354 ἀν·

578 2404 872 2504 θρώπων
912 2403 1106 2502 βεκός
1139 2429 1202 2474 τι
1241 2400 1574 2484 καλέουσι,
1627 2400 2136 2496 πυνθανόμενος
2183 2403 2259 2476 δὲ
2292 2404 2555 2504 εὕρισκε
2590 2402 2827 2503 Φρύγας

578 2523 942 2605 καλέοντας
1007 2526 1120 2596 τὸν
1181 2521 1401 2622 ἄρτον.
1527 2518 1706 2593 οὕτω
1777 2527 2273 2624 συνεχώρησαν
2332 2522 2673 2625 Αἰγύπτιοι
2738 2522 2826 2594 καὶ

579 2647 862 2742 τοιούτῳ
896 2643 1457 2743 σταθμησάμενοι
1500 2644 1849 2741 πρήγματι
1885 2644 2042 2725 τοὺς
2071 2641 2342 2744 Φρύγας
2370 2643 2828 2747 πρεσβυτέρους

578 2765 745 2839 εἶναι
781 2764 1080 2837 ἑωυτῶν.
1178 2765 1310 2835 ὧδε
1351 2759 1472 2856 μὲν
1508 2759 1823 2858 γενέσθαι
1878 2770 2013 2834 τῶν
2063 2765 2258 2865 ἱρέων
2314 2772 2432 2839 τοῦ
2474 2755 2825 2864 Ἡφαίστου
2850 2772 2894 2835 2⁰

576 2890 695 2957 τοῦ
732 2884 801 2957 έν
839 2879 1078 2981 Μέμφι
1116 2885 1401 2982 ἤκουον·
1436 2869 1789 2978 ’Έλληνες
1826 2882 1900 2954 δὲ
1938 2881 2217 2981 λέγουσι·
2262 2885 2435 2959 ἄλλα
2486 2912 2558 2959 τε
2605 2883 2826 2979 μάταια

576 3003 800 3077 πολλὰ
840 3007 948 3075 καὶ
994 3006 1090 3084 ὡς
1121 3009 1445 3100 γυναικῶν
1479 3001 1601 3081 τὰς
1632 2998 1949 3097 γλώσσας
1985 3004 2020 3073 ό
2058 3002 2515 3104 Ψαμμήτιχος
2551 3003 2825 3098 ἐκταμὼν

837 3180 912 3186 ἡ
921 3179 1203 3187 ...ῳ-4-

784 3261 832 3311 2.
862 3258 1061 3312 Pollux
1085 3257 1144 3311 11
1170 3260 1219 3311 8.
1249 3288 1316 3297 ——
1344 3259 1392 3310 8.
1423 3256 1616 3319 Λέξεις.
1658 3286 1703 3294 -
1739 3258 1787 3309 9.
1819 3258 1891 3316 ὡς
1910 3287 1938 3297 -
1963 3258 2025 3309 10
2050 3258 2325 3329 πρήσσοντι
2350 3260 2589 3316 Lexioon
2612 3253 2823 3312 Vindob.

678 3346 734 3401 p.
765 3330 846 3381 53.
890 3358 956 3367 —
1001 3329 1077 3379 ¹2.
1119 3326 1428 3399 Hesycluus
1452 3344 1500 3380 ν.
1535 3325 1684 3395 βεκός

685 3504 728 3553 1.
771 3502 1093 3574 ἐπιτεχνᾶται
1119 3532 1148 3542 -
1174 3502 1204 3551 2
1230 3498 1514 3571 ἀνθρώπων
1541 3516 1646 3552 om.
1680 3500 1756 3553 B¹
1828 3501 1850 3564 ΙΙ
1933 3501 1982 3552 2.
2024 3499 2156 3553 διδοῖ
2188 3501 2309 3554 R&
2390 3504 2414 3565 n
2495 3483 2675 3572 πῧῖιένι
2710 3499 2753 3553 G

576 3576 627 3625 3.
666 3570 868 3641 τοιῆνδε
891 3578 942 3625 Α
1002 3574 1025 3638 ΙΙ
1086 3591 1124 3641 μ
1164 3570 1247 3622 δὲν
1271 3570 1454 3624 AB&
1517 3572 1541 3635 11
1611 3570 1658 3620 4.
1703 3566 1898 3647 αύτέων
1922 3586 1949 3621 z
2017 3570 2041 3634 11
2113 3569 2305 3640 μηδεμί
2395 3572 2573 3643 φωνὴν
2596 3589 2639 3634 2,
2673 3564 2825 3639 φωνὴν

577 3642 652 3712 μὴ
679 3641 735 3695 δὲ
761 3640 880 3711 μίαν
906 3642 1017 3706 Ra,
1046 3588 1205 3711 μὴῖδὲ
1232 3639 1352 3709 μίαν
1377 3638 1556 3711 φωνήν
1578 3655 1691 3690 τινα
1714 3635 1920 3706 τοιήνδε
1949 3635 1998 3688 C
2060 3641 2083 3704 ΙΙ
2161 3639 2288 3693 ἰέναι
2467 3643 2490 3705 ΙΙ
2584 3634 2662 3693 ὑπ’
2685 3638 2739 3691 dz
2812 3654 2816 3687 ι

576 3766 625 3815 5.
666 3762 870 3817 κεῖσθαι
896 3763 993 3816 Rd
1058 3763 1080 3827 ΙΙ
1150 3708 1315 3814 αὐτὲν
1342 3761 1399 3813 R
1467 3761 1490 3825 ΙΙ
1561 3760 1661 3814 ἐπα
1695 3761 1833 3831 ινέην
1859 3762 1934 3823 R,
1974 3760 2178 3831 ἐπάγειν
2202 3762 2374 3816 ABG
2445 3764 2470 3827 ΙΙ
2637 3776 2705 3811 σιν
2728 3754 2821 3815 Rd·

575 3833 712 3905 σφίσι
737 3851 764 3885 z
834 3835 856 3898 ΙΙ
934 3836 980 3884 6.
1025 3830 1094 3884 πλ
1135 3847 1317 3888 σαντας
1340 3831 1583 3899 ABcpr.
1660 3780 1691 3896 ΙῘ
1751 3836 1842 3882 τοῦ
1867 3829 2121 3901 γάλακτος
2147 3830 2269 3883 Rdz
2335 3833 2359 3895 ΙΙ
2429 3830 2489 3882 δὲ
2513 3834 2564 3884 Α
2629 3830 2693 3884 G:
2717 3817 2752 3877 δ’

577 3905 624 3954 7.
667 3901 894 3955 ἐποιέετο
918 3901 1006 3954 καὶ
1126 3918 1151 3952 z
1222 3902 1244 3965 ΙΙ
1315 3899 1342 3952 ὁ
1369 3898 1705 3972 ψαμμήτιχος
1732 3901 1871 3964 Rdz,
1901 3898 2218 3971 ψαμμίτιχος
2246 3899 2345 3954 ΟΡ
2419 3902 2442 3963 ΙΙ
2531 3901 2577 3952 8.
2619 3893 2821 3951 ἀπαλλα-

605 4005 761 4058 έντων
793 4006 848 4058 0.
887 4002 1085 4069 (801101.
1117 4001 1284 4056 Arist.
1316 4009 1372 4055 et
1397 4000 1595 4065 Suid.),
1625 3988 2033 4075 ἀπῆλαχθέντων
2060 4003 2117 4055 R
2210 4004 2232 4065 ΙΙ
2344 4004 2423 4054 10.
2465 4001 2632 4073 διετὴς
2654 3996 2819 4055 ABG*-

571 4026 703 4129 Lm.
735 4072 922 4133 vind„
949 4071 1150 4144 τριετὴς
1176 4069 1358 4125 801101.
1388 4069 1557 4124 Arist.
1587 4078 1643 4125 et
1665 4070 1818 4124 Suid.
1886 4074 1909 4137 11
1977 4077 2139 4125 ταῦτα
2162 4087 2269 4123 om.
2306 4072 2369 4126 0¹
2438 4074 2461 4136 ΙΙ
2531 4065 2824 4141 &votvm-titt

576 4145 696 4198 Rdz
764 4146 788 4208 11
863 4144 943 4196 11.
985 4142 1176 4197 ἐπιόντι
1204 4141 1301 4194 Ra
1379 4143 1400 4205 ΙΙ
1491 4142 1571 4194 12.
1614 4140 1798 4210 βέκκος
1825 4142 1961 4194 Rdz.
1992 4138 2169 4205 Suid.,
2213 4139 2395 4209 βίκους
2422 4139 2620 4195 Suidae
2643 4135 2822 4192 codices

573 4213 704 4277 duo,
734 4213 889 4283 βόκος
914 4210 1098 4267 801101.
1130 4209 1298 4264 Arist.
1358 4211 1380 4275 ΙΙ
1441 4210 1698 4281 ἐφώνευον
1727 4210 1776 4263 0
1825 4212 1847 4275 ΙΙ
1905 4210 2001 4280 τὴν
2024 4215 2176 4282 χεῖρα
2201 4210 2238 4263 d
2292 4213 2315 4275 ΙΙ
2380 4211 2459 4263 13.
2500 4208 2752 4264 πολλάκιε
2808 4238 2811 4257 .

573 4282 841 4352 φοιτέωντι
871 4282 930 4347 C,
958 4288 1195 4353 φοιτῶντι
1222 4280 1319 4333 Rd
1407 4281 1429 4343 ΙΙ
1528 4280 1610 4333 14.
1650 4277 2039 4349 ἐπιμελουμένῳ
2068 4279 2187 4332 Rdz
2278 4281 2301 4343 ΙΙ
2395 4280 2626 4349 σημάνας
2646 4276 2745 4331 ΑΒ

581 4354 661 4404 16.
700 4350 1018 4423 ψαμμίτιχος
1049 4350 1146 4405 GP
1234 4352 1255 4416 ΙΙ
1358 4350 1436 4401 17.
1477 4348 1660 4418 βεκκός
1687 4349 1761 4411 R,
1803 4348 1987 4417 βέκκος
2023 4350 2087 4401 ἀι
2179 4350 2203 4413 ΙΙ
2293 4349 2343 4401 τί
2368 4349 2431 4401 ds
2524 4352 2546 4414 u
2640 4344 2821 4415 εὕρηπῑ

580 4421 629 4475 0
678 4423 700 4485 ΙΙ
765 4423 843 4473 19.
886 4418 1271 4490 πρεσβυτέρους]
1303 4436 1339 4469 π
1446 4436 1535 4479 ους
1562 4418 1658 4474 Rd
1702 4419 1724 4485 ΙΙ
1777 4420 1860 4469 20.
1904 4417 2053 4491 ἱρέων
2082 4417 2140 4479 0,
2171 4416 2345 4488 ἱερέων
2370 4417 2428 4471 R
2470 4420 2493 4482 ΙΙ
2542 4419 2624 4470 21.
2660 4419 2738 4469 τοῦ
2756 4410 2816 4474 ἐν]

575 4489 628 4543 ἐν
655 4491 718 4543 dz
763 4492 785 4555 ΙΙ
834 4490 916 4541 22.
960 4487 1278 4560 ψαμμίτιχος
1349 4486 1403 4540 Ρ
1495 4522 1514 4543 .
1622 4494 1628 4501 ’
2130 4494 2135 4500 ’
