3059 5125
1058 367 1458 429 -B—
2275 369 2396 432 189

141 540 358 639 τέχνη,
417 548 551 613 τῶν
593 540 669 614 δὲ
704 539 885 615 θεῶν
925 540 1446 642 μετεξετέροισι·
1502 543 1615 614 καὶ
1650 540 1777 641 γὰρ
1807 528 2197 640 εΗρακλιξος
2231 566 2398 637 μαν-

139 665 318 760 τήιον
354 659 590 732 αὐτόθι
625 660 766 735 ἐστὶ
802 665 912 734 καὶ
939 650 1382 743 ’Λπόλλωνος
1427 665 1536 734 καὶ
1578 651 1968 760 Ἀθηναίης
2015 661 2127 733 καὶ
2152 652 2399 760 Ἀρτέ-

142 782 318 874 μιδος
351 783 457 853 καὶ
480 767 733 880 Ἀρεος
767 784 876 855 καὶ
903 780 1079 864 Διός,
1116 785 1224 854 καὶ
1265 784 1341 854 τό
1377 808 1454 881 γε
1491 781 1783 877 μάλιστα
1819 779 1889 853 ἐν
1925 780 2089 879 τιμῇ
2129 779 2403 877 ἄγονται

136 901 388 972 πάντων
440 908 575 972 τῶν
631 905 999 1002 μαντηίων,
1057 900 1332 1002 Λητοῦς
1384 901 1453 975 ἐν
1502 898 1765 974 Βουτοῖ
1820 899 1978 973 πόλι
2034 899 2197 974 ἐστί.
2320 898 2402 972 οὑ

77 1044 104 1092 5
139 1017 355 1116 μέντοι
391 1018 472 1093 αἴ
497 1046 576 1118 γε
615 1026 936 1121 μαντηίαι
974 1047 1094 1120 σφι
1130 1020 1296 1096 κατὰ
1330 1023 1546 1093 τώυτὸ
1585 1021 1836 1104 ἑστᾶσι,
1877 1017 2055 1092 ἀλλὰ
2090 1018 2402 1119 διάφοροί

134 1139 267 1213 εἰσι.
371 1142 419 1241 ἡ
472 1140 550 1214 δὲ
605 1142 868 1243 ἰητρικὴ
925 1139 1091 1214 κατὰ
1140 1140 1300 1215 τάδε
1351 1166 1471 1240 σφι
1520 1140 1878 1216 δέδασται·
1946 1149 2107 1241 μιῆς
2154 1141 2401 1213 νούσου
2425 1149 2507 1213 84

135 1259 400 1342 ἕκαστος
437 1261 673 1361 ἰητρός
707 1261 850 1335 ἐστι
893 1265 1002 1334 καὶ
1054 1261 1134 1334 οὐ
1181 1262 1511 1335 πλεόνων.
1605 1261 1826 1334 πάντα
1856 1247 1919 1331 δ’
1969 1261 2218 1359 ἰητρῶν
2256 1259 2399 1334 ἐστι

133 1379 292 1452 πλέα
318 1403 333 1419 ·
395 1382 460 1452 οί
514 1378 640 1476 μὲν
694 1379 823 1480 γὰρ
858 1378 1238 1479 ὀφθαλμῶν
1289 1382 1505 1481 ἰητροὶ
1544 1384 1920 1462 κατεστᾶσι,
1979 1381 2043 1452 οἱ
2078 1377 2152 1453 δὲ
2186 1405 2396 1477 κεφα-

137 1500 264 1600 λῆς,
304 1502 366 1573 οί
402 1498 481 1574 δὲ
521 1499 838 1586 ὀδόντων,
901 1502 966 1573 οἱ
1022 1499 1098 1576 δὲ
1152 1507 1284 1573 τῶν
1338 1500 1508 1575 κατὰ
1543 1499 1776 1598 νηδύν,
1832 1501 1895 1571 οἱ
1932 1498 2005 1573 δὲ
2042 1505 2178 1571 τῶν
2217 1496 2396 1596 ἀφα-

69 1643 105 1688 ῑυ
134 1617 287 1691 νέων
323 1622 610 1694 νούσων.
1560 1697 1569 1704 .

268 1737 516 1841 Θρῆνοι
555 1738 633 1813 δὲ
668 1744 776 1814 καὶ
810 1745 1018 1839 ταφαί
1054 1768 1281 1840 σφεων
1319 1740 1444 1815 εἰσὶ
1477 1715 1645 1813 αἶ’δε.
1728 1740 1899 1813 τοῖσι
1936 1738 2016 1814 ἂν
2052 1737 2397 1840 ἀπογένη-
2425 1745 2507 1808 85

129 1884 223 1933 ται
256 1859 328 1933 ἐκ
362 1868 500 1932 τῶν
538 1860 765 1933 οἰκίων
822 1859 1189 1960 ἄνθρωπος
1235 1866 1354 1934 τοῦ
1401 1886 1499 1941 τις
1550 1861 1660 1933 καὶ
1710 1858 1909 1958 λόγος
1954 1854 2036 1959 ᾗ,
2095 1862 2171 1932 τὸ
2216 1859 2400 1961 θῆλυ

128 1979 302 2077 γένος
353 1985 490 2054 πᾶν
551 1983 629 2052 τὸ
679 1980 756 2053 ἐκ
805 1988 942 2052 τῶν
994 1982 1219 2054 οἰκίων
1260 1982 1517 2052 τούτων
1568 1967 1714 2052 κατ’
1762 1978 1855 2050 ὧν
1892 1978 2236 2054 ἐπλάσατο
2271 1982 2396 2079 τὴν

130 2100 410 2201 κεφαλὴν
448 2100 666 2200 πηλῷ
702 2100 748 2200 ἢ
789 2102 897 2172 καὶ
931 2103 1009 2173 τὸ
1044 2103 1430 2201 πρόσωπον,
1492 2097 1775 2172 κᾶπειτα
1824 2098 1894 2172 έν
1928 2102 2100 2174 τοῖσι
2136 2099 2397 2173 οἰκίοισι

64 2239 102 2286 15
130 2219 424 2294 λιποῦσαι
462 2222 581 2292 τὸν
615 2222 848 2320 νεκρὸν
902 2219 1098 2293 αὐταὶ
1143 2217 1270 2292 ἀνὰ
1314 2221 1438 2318 τὴν
1488 2218 1683 2292 πόλιν
1737 2222 2229 2318 στρωφώμεναι
2278 2220 2395 2292 τύ-

129 2363 381 2413 πτονται
417 2339 894 2434 ἐπεζωσμέναι
939 2342 1049 2412 καὶ
1086 2344 1440 2437 φαίνουσαι
1484 2340 1643 2419 τοὺς
1678 2338 1971 2434 μαζούς,
2007 2340 2128 2412 σὺν
2167 2339 2243 2413 δέ
2279 2366 2399 2438 σφι

129 2462 188 2531 αἱ
240 2464 713 2561 προσήκουσαι
774 2463 1021 2544 πᾶσαι,
1105 2457 1435 2559 ἑτέρωθεν
1504 2457 1580 2531 δὲ
1635 2459 1699 2532 οἱ
1757 2456 1995 2558 ἄνδρες
2047 2461 2399 2532 τύπτονται

128 2578 575 2675 ἑπεζωσμένοι
609 2583 721 2654 καὶ
755 2579 959 2653 οὗτοι.
1050 2579 1254 2653 ἐπεὰν
1302 2578 1377 2652 δὲ
1428 2584 1636 2652 ταῦτα
1682 2583 2044 2679 ποιήσωσι,
2098 2579 2278 2652 οὕτω
2328 2579 2401 2661 ἐς

128 2701 237 2798 τὴν
291 2706 678 2801 ταρίχευσιν
734 2700 1104 2795 κομίζουσι.
1197 2700 1329 2772 εἰσὶ
1383 2697 1458 2774 δὲ
1508 2698 1574 2772 οἳ
1608 2692 1719 2772 ἐπ’
1767 2697 1959 2797 αὐτῷ
1997 2701 2218 2797 τούτῳ
2270 2725 2393 2772 κα-
2423 2714 2537 2798 86,

62 2834 102 2885 ιι)
130 2818 337 2893 τέαται
374 2824 490 2894 καὶ
524 2819 778 2919 τέχνην
817 2818 1052 2916 ἔχουσι
1085 2821 1357 2919 ταύτην.
1452 2818 1657 2902 οὗτοι,
1698 2818 1902 2892 ἐπεάν
1941 2846 2060 2918 σφι
2098 2818 2392 2918 κομισθῇ

129 2942 356 3040 νεκρός,
419 2939 795 3015 δεικνύουσι
841 2940 1014 3013 τοῖσι
1066 2942 1382 3034 κομίσασι
1427 2941 1939 3039 παραδείγματα
1986 2937 2243 3039 νεκρῶν
2282 2938 2394 3019 Εὐ-

130 3057 283 3143 λινα,
321 3063 415 3160 τῇ
453 3063 692 3161 γραφῇ
730 3059 1172 3159 μεμιμημένα
1196 3117 1211 3130 .
1243 3117 1258 3133 .
1286 3118 1300 3132 .
1332 3118 1347 3144 ,
1391 3060 1498 3132 καὶ
1531 3063 1656 3159 τὴν
1697 3058 1819 3154 μὲν
1854 3056 2392 3158 σπουδαιοτάτην

131 3178 368 3253 αὐτέων
427 3182 597 3278 φασὶ
654 3177 821 3253 εἶναι
869 3184 990 3252 τοῦ
1047 3177 1168 3252 οὐκ
1222 3178 1406 3252 ὅσιον
1462 3183 1783 3273 ποιεῦμαι
1838 3181 1917 3251 τὸ
1974 3177 2233 3274 οὔνομα
2284 3177 2395 3251 ἐπὶ

417 3419 535 3491 περὶ
562 3418 750 3491 ἰατρῶν
835 3417 950 3490 περὶ
967 3422 1062 3488 τῆς
1078 3425 1182 3472 τῶν
1198 3425 1390 3491 νεκρῶν
1406 3415 1666 3490 ταριχείας
1758 3416 1873 3490 περὶ
1890 3386 2096 3490 θρήνων
2113 3416 2202 3471 καὶ
2217 3404 2394 3489 ταφῶν

319 3611 402 3661 20.
443 3609 602 3663 ἐπεάν
629 3640 657 3650 -
681 3625 738 3680 p.
771 3609 887 3674 170,
921 3610 942 3659 1
985 3607 1251 3679 ὀνομάζειν
1287 3607 1670 3679 Athenagoras
1706 3607 1871 3678 legat.
1902 3609 1985 3661 25.
2049 3636 2115 3648 -
2185 3607 2340 3662 ἐπεὰν
2364 3636 2394 3649 -

223 3678 278 3728 21
304 3677 546 3748 κομίσασι
569 3677 810 3732 Thomas
832 3676 910 3731 M.
938 3694 994 3749 p.
1027 3679 1127 3730 169

224 3850 272 3902 2.
309 3850 512 3923 ἀθήνης
534 3852 706 3907 ABG
762 3853 786 3917 ΙΙ
856 3852 906 3904 3.
948 3849 977 3904 ὅ
1001 3869 1057 3922 γε
1080 3849 1315 3918 codices,
1355 3849 1402 3917 ὅ,
1427 3869 1483 3904 τε
1507 3871 1535 3904 z
1605 3853 1628 3917 ΙΙ
1709 3853 1762 3906 4.
1796 3847 2037 3905 Βουτοῖσι
2061 3870 2088 3905 z
2155 3854 2178 3917 ΙΙ
2248 3850 2393 3905 πόλει

143 3918 185 3970 0
235 3921 257 3986 Ι
323 3923 371 3972 5.
413 3920 657 3993 μαντήἳαί
680 3920 872 3975 ABR
951 3923 975 3987 ΙΙ
1057 3922 1107 3975 6.
1145 3920 1297 3974 νόσου
1324 3921 1382 3974 R
1462 3923 1486 3986 ΙΙ
1568 3922 1617 3973 8.
1657 3920 1980 3975 κἀτεστεᾶσιν
2013 3921 2071 3988 Ο,
2098 3918 2393 3973 κατεστέασι

138 3988 284 4042 ceteri
327 3993 350 4055 Ε
396 3992 449 4044 9.
487 3998 589 4043 τῶν
611 3988 763 4056 κατὰ]
790 3989 926 4044 κατὰ
948 3990 1118 4045 ABG
1154 3992 1177 4056 ΙΙ
1226 3990 1309 4041 11.
1350 3988 1466 4044 αἵδε,
1484 3992 1594 4045 ΑΒ
1650 3992 1674 4057 ΙΙ
1736 3991 1817 4043 12.
1859 3988 2062 4043 οίκιέων
2093 3992 2151 4055 C,
2180 3990 2264 4043 οἰκ
2300 3989 2393 4042 ἴων

141 4055 292 4111 PRdz
353 4062 376 4125 fl
439 4058 711 4130 ἅνθρωπος
735 4089 765 4099 -
797 4061 856 4110 13
881 4058 1057 4113 οίκίων
1082 4076 1192 4113 om.
1222 4060 1297 4113 B¹
1368 4063 1392 4126 ΙΙ
1467 4061 1547 4113 13.
1589 4057 1794 4114 οἰκιέων
1824 4060 1882 4124 C,
1912 4059 1996 4112 οἰκ
2031 4059 2125 4114 ίων
2148 4059 2204 4113 Ρ
2374 4061 2393 4125 Η

137 4127 337 4181 τουτέων
365 4130 415 4184 0
475 4133 500 4195 Β
564 4146 736 4182 κατων
762 4130 818 4183 Β
883 4131 908 4194 Ι
982 4131 1064 4181 14.
1101 4127 1139 4197 ἢ
1165 4144 1273 4181 om.
1303 4129 1496 4183 P‘Rdz
1565 4131 1588 4196 ΙΙ
1656 4127 1894 4201 οἰκηῖοισι
1919 4147 1947 4181 z
2126 4130 2204 4180 15.
2244 4127 2393 4182 αὗται

141 4227 293 4282 PR&
352 4234 377 4296 ΙΙ
441 4234 793 4305 στροφώμεναι
818 4232 898 4297 dz,
928 4231 1266 4305 στροφόμεναι
1291 4232 1346 4286 R
1415 4233 1440 4297 u
1512 4234 1596 4286 16.
1636 4215 1956 4302 ἐπεζαῗμέναι
1978 4230 2043 4300 Ρ,
2073 4230 2393 4303 ὑπεζωμέναι

143 4331 226 4385 Ra
263 4337 286 4398 u
334 4335 413 4387 ιε.
453 4318 1199 4405 επεέμενοιΡ,·ἑπζωμινοι
1223 4337 1276 4401 d,
1304 4312 1617 4405 ιπεζῶμενοι
1642 4337 1700 4390 R
1763 4339 1787 4403 u
1846 4339 1931 4390 20.
1972 4354 2001 4388 0
2043 4353 2109 4388 ωι
2132 4334 2336 4390 Athen.
2375 4340 2393 4397 ι.

141 4402 714 4487 ιομωθῆιροεῖνεκρός
738 4404 902 4485 iter-at
931 4406 979 4460 G
1046 4407 1071 4470 fl
1152 4406 1233 4458 21.
1277 4405 1507 4486 δ·νεκρὸς
1531 4423 1559 4458 2
1616 4409 1663 4487 n·
1698 4405 1953 4459 δεικνύασι
2035 4405 2153 4460 ΒΟ.
2183 4404 2387 4458 Athen.

142 4467 314 4524 Thom.
399 4476 424 4538 11
507 4474 591 4527 22.
642 4491 850 4542 mgnum
885 4473 1163 4527 lacunam:
1213 4474 1534 4528 extuderunt
1568 4474 1701 4528 talla
1734 4475 1846 4528 fere
1879 4474 1997 4547 τρία
2028 4474 2142 4528 ὅσαι
2178 4491 2271 4546 περ
2306 4474 2395 4526 καὶ

143 4540 433 4612 rapt-gebaa:
456 4548 720 4596 κατεστᾶσι
776 4545 800 4609 u
859 4544 944 4596 23.
982 4545 1091 4609 τοῦ]
1119 4545 1180 4596 τὸ
1204 4543 1303 4597 Rd
1356 4547 1380 4610 ΙΙ
1434 4545 1494 4597 τὸ
1520 4560 1629 4597 om.
1660 4543 1908 4614 lyr-..Rei
1938 4543 2141 4597 Athen.
