3059 5125
556 358 770 405 xxxvl
1562 337 1852 395 Praefatio.

558 529 670 591 est
706 519 1015 590 dubium
1053 519 1237 611 quin
1274 517 1589 589 subsidii
1629 516 1791 588 loco
1827 513 2073 589 fuerit.
2164 517 2292 589 sed
2328 515 2465 588 illa
2496 516 2851 612 exempla

560 648 737 742 quia
787 671 916 741 per
968 645 1240 718 librum
1298 646 1619 740 primum
1671 654 1748 718 et
1799 653 2086 739 partem
2148 646 2449 719 secundi
2512 647 2849 721 eiusdem

554 773 708 849 fere
743 775 1037 870 generis
1076 778 1398 869 speciem
1433 772 1872 861 referebant,
1925 777 2124 870 quod
2170 776 2251 847 in
2288 775 2436 848 PR
2480 777 2849 850 contineri

559 906 898 990 vidimuS‚
938 905 1109 977 inde
1137 929 1182 976 a
1206 903 1269 975 B
1306 904 1447 977 134
1488 916 1736 977 autem
1772 902 1827 975 d
1858 904 2014 976 sive
2049 906 2088 978 b
2126 906 2219 977 ad
2254 903 2569 978 alterum
2604 930 2847 1001 genus

554 1035 870 1120 transiit,
889 1033 1154 1106 accidit
1181 1043 1267 1106 ut
1289 1035 1617 1108 recensio
1631 1032 1936 1119 Aldina,
1962 1033 2116 1107 sive
2145 1034 2845 1108 contaminationem

553 1163 792 1236 dicere
841 1163 1099 1249 mavis,
1152 1162 1370 1234 initio
1405 1160 1557 1236 fere
1607 1186 1757 1235 non
1794 1164 2180 1236 excederet
2216 1162 2517 1236 alterius
2550 1165 2846 1259 generis

553 1292 927 1378 terminos,
953 1315 1127 1364 mox
1166 1293 1478 1363 duorum
1506 1289 1985 1365 confunderet
2010 1317 2098 1364 ac
2127 1292 2467 1366 misceret
2492 1293 2838 1388 speciem.

552 1447 724 1494 nam
789 1423 986 1517 quod
1051 1419 1180 1493 ille
1246 1421 1326 1493 in
1392 1420 1711 1516 epistola
1769 1421 1862 1493 ad
1925 1421 2276 1494 Ioannem
2345 1420 2842 1516 Calpurnium

553 1552 994 1624 Brixianum
1044 1552 1239 1636 data,
1295 1575 1445 1645 qua
1490 1547 1863 1644 praefatus
1913 1561 2024 1624 est
2074 1551 2411 1638 editioni,
2464 1553 2845 1645 praedicat

537 1675 553 1701 ‘
569 1703 814 1753 musas
852 1679 1215 1753 Herodoti
1264 1679 1493 1751 multi-s·
1541 1679 2034 1776 exemplaribus
2082 1682 2458 1776 castigatas
2508 1705 2604 1752 ex
2640 1683 2843 1752 Aca-

550 1810 796 1882 demia
831 1833 965 1880 sua
991 1801 1286 1895 emitti‘‚
1325 1808 1642 1880 nimium
1668 1809 2072 1903 praedicat:
2114 1806 2252 1880 illa
2276 1833 2447 1882 vero
2478 1833 2611 1881 suo
2648 1810 2839 1896 iure,

538 1932 728 2010 ‘nam
771 1937 918 2010 Clio
953 1935 1263 2008 abundat
1307 1962 1354 2008 a
1401 1939 1687 2009 caeteris
1735 1938 2125 2033 quibuscum
2174 1939 2574 2011 contulimus
2605 1961 2837 2011 exm-

543 2067 705 2162 plar
757 2078 1084 2151 nostrum,
1137 2064 1360 2139 decem
1393 2089 1615 2162 prope
1664 2066 1940 2154 charnis,
1992 2091 2166 2163 quae
2214 2077 2285 2139 et
2326 2070 2400 2139 in
2445 2093 2528 2140 ea
2562 2067 2837 2155 desunt,

547 2220 722 2292 quae
790 2221 837 2267 a
897 2196 1281 2268 Laurentio
1356 2195 1563 2268 Valla
1639 2196 1899 2268 tralata
1970 2189 2274 2269 habemr’
2291 2253 2306 2267 .
2455 2197 2837 2292 supplevit

546 2326 748 2398 enim
783 2351 825 2398 e
859 2349 941 2421 q,
995 2348 1183 2419 quae
1232 2325 1313 2397 in
1347 2326 1425 2398 bs
1460 2325 1635 2398 inde
1686 2327 1780 2397 ab
1814 2329 1888 2397 A
1926 2325 2022 2399 92
2061 2325 2331 2398 omissa
2363 2324 2610 2413 Valla,
2660 2350 2836 2398 cum

548 2457 926 2527 decurtato
965 2455 1108 2526 hoc
1143 2478 1413 2550 genere
1450 2453 1994 2549 exemplarium
2030 2462 2380 2543 uteretur,
2427 2480 2523 2528 ne
2559 2479 2835 2550 cogno—

543 2595 659 2657 rat
691 2585 1010 2680 quidem.
1095 2586 1223 2657 sed
1271 2586 1361 2657 de
1400 2583 1666 2657 Vallae
1713 2585 2045 2658 versione
2090 2584 2327 2657 latina
2375 2585 2631 2658 inutili
2677 2586 2833 2658 iam

546 2717 638 2787 ad
672 2739 827 2788 rem
863 2714 1194 2787 criticam
1230 2712 1427 2785 nihil
1477 2724 1858 2808 praeterea
1904 2715 2190 2802 addam,
2243 2715 2334 2786 de
2370 2712 2653 2786 Aldina
2683 2715 2833 2787 hoc

543 2870 802 2932 unum,
853 2843 1216 2938 quidquid
1249 2843 1332 2915 in
1368 2868 1459 2915 ea
1490 2852 1779 2938 praeter
1815 2844 2039 2918 trium
2074 2844 2409 2916 codicum
2441 2844 2665 2918 fidem
2698 2869 2835 2918 ex-

540 2976 912 3061 hibeatur,
963 2974 1042 3045 id
1091 2997 1307 3046 omne
1358 2998 1515 3046 esse
1567 2982 1699 3046 aut
1745 2982 2153 3046 correctum
2198 2977 2291 3047 ab
2329 2973 2525 3047 Aldo
2576 2974 2831 3048 eiusve

544 3104 798 3176 amicis
837 3112 967 3175 aut
1003 3111 1321 3176 erratum
1360 3105 1454 3175 ab
1489 3103 1756 3197 operis.
1856 3112 2081 3197 atque
2130 3128 2226 3177 ex
2276 3128 2519 3178 errore
2563 3113 2827 3177 natum

541 3243 653 3307 est
715 3234 913 3328 quod
971 3234 1042 3304 A
1109 3233 1204 3305 97
1270 3228 1595 3305 κάλλιστα
1654 3230 1929 3328 legitur
1987 3256 2122 3326 pro
2187 3232 2498 3326 μάλιστα,
2564 3259 2608 3306 e
2670 3258 2830 3307 cor-

539 3363 868 3436 rectione
919 3362 992 3433 A
1030 3361 1126 3434 96
1166 3358 1236 3432 ἐν
1273 3361 1364 3458 γῇ
1413 3384 1546 3454 pro
1596 3358 1668 3432 ἐν
1707 3361 1817 3460 τῇ,
1872 3361 1935 3433 Β
1982 3361 2122 3435 172
2163 3359 2649 3461 εὐγνωμοσύνῃ
2689 3386 2827 3458 pro

538 3488 1027 3589 ἀγνωμοσύνῃ,
1111 3490 1233 3588 ἧεν
1296 3513 1428 3583 pro
1489 3490 1614 3588 ἧνε
1689 3514 1877 3584 quae
1942 3500 2191 3563 tamen
2250 3491 2501 3563 omnia
2560 3491 2672 3563 ita
2735 3502 2829 3566 ut

538 3620 836 3715 legebat
893 3618 975 3690 in
1035 3616 1319 3690 Aldina
1378 3617 1762 3712 descripsit
1837 3616 2114 3692 fraudis
2177 3619 2373 3692 nihil
2435 3621 2825 3715 suspicans

534 3749 694 3844 ipse
736 3746 1015 3821 fraudis
1066 3746 1524 3820 machinator
1573 3747 2257 3843 impudentissimus
2307 3750 2651 3845 idemque
2703 3751 2825 3822 in-

533 3877 981 3972 eptissimus,
1034 3878 1097 3949 is
1134 3878 1264 3971 qui
1297 3874 1794 3973 fragmentum
1835 3876 2026 3950 illud
2073 3880 2229 3978 περὶ
2261 3879 2597 3975 εὐγενείας
2644 3903 2822 3951 con-

534 4007 758 4079 finxit
796 4007 1173 4101 doctisque
1209 4005 1569 4101 imposuit
1604 4016 1959 4101 tanquam
1994 4005 2542 4094 Plutarcheum‚
2583 4008 2820 4081 donec

533 4160 773 4230 nuper
810 4137 1202 4207 admodum
1253 4134 1661 4209 vindicavit
1703 4135 2074 4230 flagitium
2116 4136 2424 4209 lacobus
2462 4136 2813 4234 Bernays.

533 4267 660 4337 sed
694 4266 888 4338 inter
923 4290 1013 4338 ea
1039 4289 1228 4360 quae
1256 4263 1497 4337 Aldus
1534 4265 1852 4350 novavit,
1891 4290 2029 4338 nec
2055 4288 2295 4360 pauca
2318 4289 2454 4337 nec
2479 4264 2680 4339 levia
2702 4275 2819 4338 at·—

431 4472 440 4479 ‚
532 4419 678 4490 que
707 4395 887 4466 adeo
916 4393 1141 4489 plane
1170 4393 1685 4466 commenticia
1707 4393 1817 4490 (ut
1837 4392 1892 4466 Δ
1916 4395 2082 4467 126.
2121 4390 2183 4464 Η
2204 4392 2406 4490 221),
2438 4394 2519 4466 ιιι
2550 4395 2815 4490 primis

530 4526 885 4597 damnosa
917 4522 1222 4597 fuerunt
1260 4524 1530 4618 quibus
1568 4521 1965 4596 dialectum
2001 4525 2093 4595 ad
2133 4523 2431 4595 ionismi
2457 4523 2815 4597 nimirum
