3059 5125
1084 354 1627 454 -1-·
2287 357 2406 419 387

149 522 527 623 Μαρδόνιος
562 528 819 622 κήρυκα
870 525 940 606 ἐς
991 529 1148 605 τοὺς
1185 526 1611 625 Σπαρτιήτας
1648 524 1839 623 ἔλεγε
1877 527 2056 600 τάδε.
2122 522 2227 597 “ὧ
2266 527 2412 599 Λα-

151 645 586 738 κεδαιμόνιοι,
634 643 823 738 ὑμεῖς
880 646 964 743 δὴ
1017 644 1297 741 λέγεσθε
1335 645 1501 718 εῖναι
1542 645 1776 743 ἄνδρες
1813 645 2073 744 ἄριστοι
2111 646 2239 719 ὑπὸ
2276 655 2410 718 τῶν

147 766 302 863 τῇδε
340 762 758 861 ἀνθρώπων,
820 764 1380 861 ἐκπαγλεομένων
1433 768 1529 845 ὡς
1584 765 1737 837 οὔτε
1781 768 2057 863 φεύγετε
2097 768 2168 839 ἐκ
2202 767 2411 838 πολέρ

151 910 270 977 μου
304 883 460 955 οὔτε
495 882 669 962 τάξιν
708 884 1067 972 ἐκλείπετε,
1112 886 1422 978 μένοντές
1458 911 1530 957 τε
1567 884 1613 982 ἢ
1655 882 1989 958 ἀπόλλυτε
2024 888 2181 965 τοὺς
2218 887 2412 958 ἐναν-

90 1026 114 1072 5
143 1009 314 1083 τίους
381 1004 428 1101 ἢ
487 1002 676 1074 αὐτοὶ
733 999 1139 1077 ἀπόλλυσθε.
1234 1012 1372 1074 τῶν
1427 991 1483 1074 δ’
1554 997 1656 1101 ἄρ’
1720 1007 1806 1103 ἧν
1858 1004 2052 1078 οὐδὲν
2113 1004 2410 1103 ἀληθές·

145 1127 288 1221 πρὶν
340 1121 466 1221 γὰρ
515 1123 560 1221 ἢ
611 1123 926 1217 συμμῖξαι
983 1124 1206 1221 ἡμέας
1242 1123 1328 1203 ἐς
1375 1132 1624 1222 χειρῶν
1673 1149 1744 1194 τε
1790 1126 1991 1217 νόμον
2032 1122 2411 1212 ἀπικέσθαι,

147 1246 248 1315 καὶ
301 1245 388 1341 δὴ
426 1244 794 1339 φεύγοντας
839 1247 948 1314 καὶ
985 1245 1213 1316 στάσιν
1257 1243 1684 1323 ἐκλείποντας
1736 1243 1949 1335 ὑμέας
1986 1245 2285 1337 εἴδομεν,
2340 1244 2409 1315 ἐν

141 1354 566 1461 Ἀθηναίοισί
621 1387 695 1433 τε
748 1365 872 1459 τὴν
923 1366 1289 1460 πρόπειραν
1338 1363 1774 1455 ποιευμένους
1821 1364 2061 1443 αὐτούς
2112 1390 2183 1434 τε
2224 1362 2413 1433 ἀντία

150 1481 400 1553 δούλων
439 1487 573 1552 τῶν
609 1481 962 1580 ἡμετέρων
1003 1483 1483 1574 τασσομένους.
1552 1488 1761 1554 ταῦτα
1798 1484 2113 1576 οὐδαμῶς
2152 1481 2410 1580 ἀνδρῶν

91 1618 117 1665 0
150 1599 413 1697 ἀγαθῶν
454 1599 643 1697 ἔργα,
684 1598 855 1672 ἀλλὰ
890 1602 1205 1676 πλεῖστον
1244 1603 1328 1699 δὴ
1368 1599 1436 1671 ἐν
1478 1600 1629 1694 ὑμῖν
1669 1602 2132 1699 ἐψεύσθημεν·
2199 1597 2410 1700 προσ-

152 1719 480 1813 δεκόμενοι
533 1720 658 1819 γὰρ
704 1721 872 1792 κατὰ
920 1720 1116 1800 κλέος
1161 1723 1257 1801 ὡς
1306 1721 1391 1817 δὴ
1442 1720 1741 1818 πέμψετε
1792 1722 1862 1802 ἐς
1897 1720 2119 1820 ἡμέας
2156 1726 2412 1820 κήρυκα

148 1840 670 1938 προκαλεύμενοι
729 1844 835 1912 καὶ
888 1840 1283 1940 βουλόμενοι
1321 1842 1637 1934 ,μούνοισι
1688 1839 1988 1940 Πέρσῃσι
2044 1841 2411 1937 μάχεσθαι,

150 1957 348 2056 ἄρτιοι
399 1958 617 2037 ἐόντες
669 1959 922 2031 ποιέειν
986 1965 1194 2031 ταῦτα
1246 1960 1438 2032 οὐδὲν
1502 1967 1766 2032 τοιοῦτο
1824 1961 2140 2057 λέγοντας
2203 1961 2412 2053 ὑμέας

150 2076 417 2174 εὕρομεν
455 2075 634 2147 ἀλλὰ
667 2082 1096 2158 πτώσσοντας
1138 2079 1411 2171 μᾶλλον.
1501 2086 1617 2150 νῦν
1657 2080 1751 2149 ὧν
1792 2080 2025 2177 ἐπειδὴ
2066 2080 2186 2151 οὐκ
2225 2080 2414 2173 ὑμεῖς

91 2215 120 2262 5
149 2195 379 2294 ἤρξατε
415 2198 654 2268 τούτου
687 2203 806 2269 τοῦ
846 2198 1070 2294 λόγου,
1111 2187 1259 2269 ἀλλ’
1312 2201 1513 2298 ἡμεῖς
1551 2199 1868 2297 ἄρχομεν.
1946 2205 2009 2271 τί
2048 2201 2132 2297 δὴ
2168 2200 2245 2269 οὐ
2282 2201 2412 2297 πρὸ

154 2314 263 2408 μὲν
319 2323 454 2386 τῶν
493 2311 859 2414 Ἑλλήνων
914 2316 1134 2411 ὑμεῖς,
1205 2318 1424 2392 ἐπείτε
1478 2318 1855 2398 δεδόξωσθε
1910 2319 2075 2391 εἶναι
2129 2319 2411 2417 ἄριστοι,

151 2439 269 2533 πρὸ
307 2434 380 2507 δὲ
416 2443 551 2507 τῶν
594 2435 958 2536 βαρβάρων
995 2439 1229 2534 ἡμεῖς,
1289 2439 1417 2510 ἴσοι
1470 2440 1640 2538 πρὸς
1692 2441 1875 2519 ἴσους
1922 2437 2205 2537 ἀριθμὸν
2243 2439 2412 2530 ἐμα-

152 2556 527 2651 χεσάμεθα;
594 2558 702 2628 καὶ
751 2556 834 2654 ἢν
888 2556 1007 2650 μὲν
1047 2555 1252 2657 δοκέῃ
1290 2561 1398 2630 καὶ
1434 2563 1591 2640 τοὺς
1635 2557 1881 2640 ἄλλους
1919 2557 2295 2656 μάχεσθαι,
2352 2560 2414 2627 οἱ

156 2668 205 2743 δ’
257 2675 348 2745 ὧν
409 2675 766 2769 μετέπειτα
825 2676 1189 2772 μαχέσθων
1248 2677 1540 2776 ὕστεροι·
1628 2682 1684 2750 εἰ
1743 2679 1817 2750 δὲ
1877 2683 1983 2751 καὶ
2041 2683 2136 2777 μὴ
2194 2679 2412 2750 δοκέοι

90 2802 126 2851 to
157 2787 295 2863 ἀλλ’
352 2794 575 2894 ἡμέας
645 2798 931 2890 μούνους
987 2794 1328 2896 ἀποχρᾶν,
1395 2800 1598 2898 ἡμεῖς
1662 2798 1735 2870 δέ
1799 2798 2408 2896 διαμαχεσώμεθα·

155 2912 434 3013 ὃκότεροι
489 2909 550 2989 δ’
615 2913 696 2988 ἂν
746 2916 981 3014 ἡμέων
1030 2923 1391 3016 νικήσωσι,
1442 2923 1718 2998 τούτους
1770 2922 1870 3015 τῷ
1915 2919 2152 2993 ἅπαντι
2206 2943 2410 3016 στρα-

155 3035 401 3132 τοπέδῳ
428 3026 673 3108 νικᾶν.”
721 3037 756 3107 ὃ
789 3034 906 3130 μέν
938 3042 1149 3108 ταῦτα
1186 3040 1378 3117 εἴπας
1412 3064 1483 3109 τε
1524 3041 1634 3110 καὶ
1672 3038 1967 3135 ἐπισχὼν
2006 3040 2276 3136 χρόνον,
2318 3039 2413 3115 ὥς
2444 3052 2526 3111 49

156 3154 211 3223 οἱ
240 3153 456 3235 οὐδεὶς
494 3154 686 3227 οὐδὲν
728 3156 1145 3254 ὑπεκρίνατο,
1187 3154 1659 3230 ἀπαλλάσσετο
1699 3157 1941 3245 ὀπίσω,
1979 3154 2298 3228 ἀπελθὼν
2338 3153 2411 3226 δὲ

157 3270 464 3370 ἐσήμαινε
505 3270 871 3374 Μαρδονίῳ
922 3273 1002 3346 τὰ
1050 3276 1534 3376 καταλαβόντα.
1623 3278 1658 3347 ὁ
1704 3275 1780 3348 δὲ
1814 3279 2194 3374 περιχαρὴς
2224 3278 2412 3372 γενό-

90 3386 341 3483 ῑ5“μενος
376 3397 486 3466 καὶ
522 3393 877 3493 ἐπαερθεὶς
932 3396 1156 3493 ψυχρῇ
1207 3400 1355 3493 νίκῃ
1399 3396 1609 3497 ἐπῆκε
1662 3402 1785 3495 τὴν
1843 3395 2041 3468 ἵππον
2099 3397 2208 3469 ἐπὶ
2257 3399 2413 3476 τοὺς

149 3498 498 3611 Ἕλληνας.
587 3517 698 3595 ὡς,
734 3513 808 3585 δὲ
859 3513 1208 3613 ἐπήλασαν
1246 3517 1308 3586 οἱ
1347 3519 1653 3604 ἱππόται,
1692 3516 1984 3588 ἐσίνοντο
2020 3520 2243 3588 πᾶσαν
2284 3519 2404 3614 τὴν

159 3636 454 3733 στρατιὴν
524 3636 646 3731 τὴν
689 3621 1104 3733 Ἑλληνικὴν
1164 3634 1695 3717 ἐσακοντίζοντές
1747 3662 1821 3708 τε
1875 3639 1984 3707 καὶ
2033 3634 2411 3714 τοξεύοντες

445 3869 630 3944 ἔφοδος
655 3868 950 3942 Μαρδονίου
973 3872 1059 3925 καὶ
1082 3880 1185 3925 τῶν
1213 3870 1405 3925 ἱππέων
1429 3872 1565 3925 κατὰ
1585 3879 1674 3927 τοῦ
1691 3870 1962 3944 Ἑλλήνων
1989 3877 2201 3944 στρατοῦ

253 4096 295 4146 1.
331 4096 560 4169 κήρυκας
592 4095 667 4151 Οἱ)
714 4099 737 4164 ΙΙ
785 4096 831 4148 2.
874 4095 934 4149 λέ
968 4095 1110 4150 εσθαι
1136 4098 1193 4149 R
1261 4098 1283 4161 ΙΙ
1353 4099 1402 4149 3.
1443 4095 1866 4166 ἐκπλαγεομένων
1891 4095 1947 4146 R
1992 4098 2002 4161 Ι
2069 4097 2116 4149 5.
2159 4094 2213 4147 δὲ
2238 4094 2346 4147 ΑΒ

164 4162 205 4212 6.
240 4160 389 4233 ὑμέας
410 4166 468 4219 R
508 4170 530 4233 ΙΙ
573 4169 618 4217 7.
661 4167 845 4231 στάσιν]
877 4114 1010 4227 τάξιν
1036 4165 1091 4217 R
1131 4168 1153 4233 11
1199 4165 1494 4224 ἐκλιπόντας
1517 4166 1604 4221 Rb
1645 4169 1668 4232 ΙΙ
1711 4170 1756 4217 8.
1789 4170 1966 4236 πεῖραν
2090 4167 2113 4229 11
2162 4164 2272 4215 ἀντὶ
2299 4165 2354 4216 R

164 4230 206 4280 9.
238 4238 386 4288 ταῦτα
410 4235 465 4288 δὲ
489 4254 516 4288 z
555 4238 582 4302 fl
625 4238 703 4287 10.
733 4234 1148 4304 προσδοκώμενοι
1176 4236 1224 4288 C
1258 4237 1281 4301 ΙΙ
1327 4236 1405 4287 12.
1450 4240 1629 4303 μοῦνοι
1652 4253 1696 4287 z.
1738 4240 1916 4303 μοῦνοι
1939 4233 2167 4302 μούνοισι
2192 4233 2353 4286 Koen

171 4299 237 4350 13.
272 4305 574 4358 τοιοῦτονΙί
623 4307 645 4370 ΙΙ
694 4302 855 4374 ὑμέας
880 4321 986 4357 om.
1019 4305 1077 4357 R
1134 4306 1156 4369 ΙΙ
1221 4306 1279 4355 14
1341 4305 1687 4362 πτώσονταςῐ)
1735 4306 1758 4369 ΙΙ
1816 4306 1892 4355 15.
1935 4301 2150 4371 ἄρξομεν
2177 4301 2230 4351 R
2277 4305 2299 4366 n
2348 4300 2406 4353 οὐ

165 4367 299 4424 ὦνΙέ
351 4375 374 4439 ΙΙ
432 4376 512 4428 18.
553 4371 907 4444 δοκῆιΑΒΟ,
947 4373 1168 4432 δοκεῖςῐ)
1228 4374 1251 4438 11
1317 4374 1393 4423 19.
1437 4371 1552 4425 ὅστε
1588 4392 1643 4425 ον
1669 4372 1723 4424 R
1782 4375 1804 4438 ΙΙ
1868 4374 1951 4423 20.
1993 4370 2409 4493 διαμαχὲῑσόμεθα

164 4433 235 4487 Rz
275 4441 298 4505 ΙΙ
340 4444 419 4494 23.
461 4441 509 4496 οἱ
535 4459 641 4496 om.
676 4443 754 4497 Cb
801 4444 823 4507 ΙΙ
872 4441 1001 4495 ὑπεκ
1035 4443 1163 4495 ίνετο
1189 4440 1243 4492 R
1290 4445 1312 4505 ΙΙ
1361 4444 1445 4493 24.
1486 4441 1511 4494 ἐ
1586 4461 1713 4513 μηνε
1740 4442 1795 4493 R
1842 4444 1864 4508 ΙΙ
1916 4444 2001 4492 25.
2043 4440 2170 4511 ἑπαρ
2210 4440 2280 4498 εὶς
2309 4438 2357 4490 L
2391 4438 2411 4507 ΙΙ

167 4505 239 4556 26.
274 4508 508 4565 ἐσινέοντο
533 4511 589 4563 R
635 4514 658 4576 ΙΙ
706 4515 789 4562 27.
831 4510 996 4572 ἐστοΕε
1031 4529 1168 4569 οντες
1193 4510 1248 4561 R

1882 4596 1994 4646 25*
