3059 5125
647 342 854 386 Lxxrv
1634 321 1928 377 Ρηείειιίο.

649 501 954 575 firmiter
990 501 1072 573 in
1106 500 1552 573 membranis
1589 509 1982 587 servatum,
2032 510 2120 573 ut
2154 499 2268 572 vel
2304 500 2514 571 iuxta
2547 499 2894 595 legantur:

650 627 704 700 Γ
736 630 830 703 33
869 634 1104 702 νοῦσον
1146 628 1446 727 μεγάλην
1482 628 1856 712 νοσέοντος,
1908 632 2051 703 149
2080 630 2324 701 νούσου
2358 630 2406 726 ἤ
2449 654 2557 722 μιν
2596 627 2895 727 κατέλαβε
3004 695 3005 712 2

645 766 953 858 νοσῆσαι.
1063 765 1141 829 at
1184 760 1381 852 quod
1430 759 1686 832 eodem
1738 783 2032 854 prorsus
2084 759 2299 830 modo
2363 760 2456 828 ab
2504 760 2735 856 ἥσσων
2792 758 2895 828 de-

642 888 966 961 flectitur
1001 884 1240 960 ἑσσοόν
1276 888 1458 959 adeo
1503 889 1815 961 editores
1865 890 2040 961 inde
2092 913 2137 959 a
2170 885 2560 960 Schaefero
2605 910 2893 958 commo·
3004 951 3005 990 ἶ

643 1019 776 1104 vit,
824 1026 908 1089 ut
942 1017 1245 1113 ubique,
1294 1018 1370 1089 h.
1410 1041 1474 1090 e.
1515 1016 1832 1112 amplius
1883 1041 2105 1113 quam
2152 1018 2478 1102 tricione,
2533 1013 2749 1089 ἔσσων
2796 1016 2892 1087 in-

643 1148 1015 1221 veherent.
1139 1145 1494 1237 ὀνομάζειν
1544 1155 1794 1219 autem
1844 1146 2219 1241 ὀνομαστός
2269 1145 2589 1238 ὀνομαστί
2640 1147 2892 1239 priscus
3004 1183 3005 1192 ι

647 1275 777 1350 ille
839 1284 1193 1349 corrector
1258 1275 1324 1349 Ο
1378 1273 1635 1349 multis
1703 1274 1885 1347 locis
1947 1277 2040 1347 ad
2101 1274 2665 1348 similitudinem
2736 1276 2893 1360 eim,

648 1409 846 1479 unde
896 1406 1283 1502 progenita
1332 1413 1531 1492 sunt,
1597 1407 1793 1501 quod
1842 1413 1953 1477 est
2001 1404 2276 1500 οὔνομα,
2338 1405 2732 1491 revocavit,
2789 1406 2895 1499 qui

651 1537 848 1608 idem
894 1534 1095 1632 οὖρος
1138 1533 1570 1629 plerumque
1614 1536 1916 1607 induxit
1948 1559 2080 1630 pro
2131 1535 2309 1634 ὄρος.
2404 1543 2661 1607 contra
2690 1544 2799 1606 est
2833 1534 2895 1605 in

649 1660 841 1763 Κόρη
898 1660 949 1735 Θ
989 1664 1114 1750 65,
1173 1664 1362 1761 κόραι
1412 1660 1466 1734 Δ
1506 1663 1601 1736 33
1640 1688 1746 1758 sq.
1839 1673 2060 1758 atque
2112 1663 2458 1761 κουρίδιος,
2509 1660 2891 1762 Διόσκουροι.

645 1793 914 1865 similia
945 1816 1196 1865 rursus
1224 1801 1400 1865 sunt
1425 1817 1505 1865 re
1536 1816 1684 1864 non
1713 1817 1933 1865 causa
1950 1790 2365 1891 Συρηκόσιος
2397 1815 2443 1862 a
2468 1790 2891 1891 Συρήκουσαι.

645 1921 1096 2017 κεκενωμένου
1166 1918 1220 1992 Δ
1278 1921 1420 1995 123
1489 1945 1536 1993 a
1596 1924 1808 2003 κεινός
1878 1921 2047 2017 (nisi
2108 1920 2343 1995 mavis
2407 1945 2452 1991 a
2513 1924 2771 2005 κενεός,
2830 1931 2896 1994 ut

642 2050 1129 2144 νενοσσευμένα
1163 2052 1236 2122 A
1275 2050 1416 2123 159
1453 2075 1499 2122 a
1534 2050 1853 2147 νεοσσός),
1908 2049 2169 2147 ἑλιγμοί
2202 2049 2268 2121 Β
2313 2051 2455 2122 148
2492 2052 2588 2123 ab
2622 2051 2894 2125 εἰλίσσω.

848 2179 969 2251 Ex
1007 2177 1150 2254 alio
1185 2179 1505 2274 denique
1542 2205 1808 2277 genere
1845 2188 2040 2267 sunt,
2070 2181 2367 2275 quaein
2393 2182 2895 2275 compositione

497 2299 502 2304 ’
642 2313 735 2383 'ab
787 2309 1097 2382 ionismo
1147 2309 1593 2396 desciscunt,
1658 2319 1745 2382 ut
1792 2333 2179 2383 numerosa
2229 2308 2360 2381 illa
2417 2334 2464 2380 a
2509 2310 2688 2381 πολυ
2736 2312 2897 2383 inci-

641 2440 929 2536 pientia
962 2447 1039 2512 et
1073 2438 1438 2513 adiectiva
1472 2447 1549 2512 et
1582 2440 1900 2535 propria.
1990 2438 2328 2538 πολιήτης
2370 2440 2504 2512 ubi
2552 2440 2895 2536 fingendis

644 2570 962 2644 ethnicis
1043 2569 1383 2657 inservit,
1473 2572 1568 2642 ad
1643 2593 2104 2642 communem
2163 2567 2473 2642 formam
2539 2568 2895 2655 relabitur,

628 2687 646 2717 ‘
664 2697 1106 2772 Ηλιοπολῖται
1135 2695 1627 2773 Καλλιπολῖται
1654 2692 1671 2719 ’
1685 2695 2181 2800 Ολβιοπολῖται.
2239 2702 2332 2773 ab
2362 2700 2503 2798 ἱρός
2526 2696 2725 2772 facta
2748 2708 2896 2772 sunt

643 2831 964 2927 ἱρουργίαι
1036 2826 1401 2927 ἰροφάντης
1462 2833 1768 2927 κατιροῦν
1800 2886 1814 2910 ,
1889 2836 2142 2900 contra
2211 2829 2387 2927 ἱερός
2456 2839 2766 2922 apparet
2828 2829 2891 2900 in

642 2954 992 3055 ἀρχιερεύς
1062 2954 1470 3054 καλλιερὲειν
1533 2944 1770 3054 Ἱέρων
1833 2951 2239 3055 Ἱερώνυμος
2310 2953 2424 3052 (cf.
2501 2958 2643 3028 od.
2723 2957 2754 3037 ξ
2816 2957 2891 3029 94

645 3074 933 3183 ἱρεύουσ’
997 3084 1296 3185 ἱερήιον).
1391 3084 1617 3157 simili
1666 3088 1881 3159 modo
1931 3087 2125 3159 inter
2173 3108 2249 3159 se
2295 3086 2714 3181 discrepant
2754 3091 2896 3183 νηῦς

641 3217 792 3294 νεός
831 3254 921 3267 -
962 3218 1324 3295 νεώσοικος
1358 3256 1462 3267 -
1491 3216 1831 3314 ναύαρχος
1865 3221 2197 3315 ναυαρχίη
2247 3224 2632 3310 ceteraque
2670 3219 2764 3289 ab
2795 3240 2895 3286 ναυ

642 3343 1036 3430 ordientia‚
1083 3342 1212 3415 αἰεί
1245 3386 1350 3397 --
1386 3341 1652 3424 ἀείναος
1698 3333 2168 3442 Ἀείμνηστος,
2239 3355 2315 3418 et
2333 3400 2352 3432 ,
2415 3368 2603 3440 quae
2656 3368 2897 3442 agmen

642 3471 1019 3558 claudant,
1072 3474 1159 3572 ἤν
1210 3482 1287 3545 et
1335 3471 1536 3546 ἐπεάν
1589 3474 1749 3568 pari
1799 3482 1875 3546 et
1923 3475 2334 3546 constantia
2380 3484 2456 3547 et
2503 3472 2898 3570 frequentia

643 3603 975 3698 (Bredov.
1017 3627 1089 3697 p.
1133 3602 1282 3698 38),
1330 3604 1602 3698 quibus
1651 3604 2076 3700 adiungitur
2124 3605 2450 3691 tertium,
2498 3605 2737 3678 rarius
2770 3603 2896 3679 illis

641 3731 965 3827 quidem,
1002 3755 1153 3803 non
1188 3731 1566 3819 incertiuS,
1605 3731 1873 3805 ἐπειδάν
1907 3734 1983 3806 Α
2026 3733 2191 3806 193.
2234 3729 2285 3805 Θ
2333 3735 2498 3806 144.

851 4250 1064 4331 Quae
1115 4260 1492 4347 praeterea
1539 4254 1629 4326 de
1680 4252 1962 4325 ratione
2015 4253 2363 4326 editionis
2421 4255 2760 4327 addenda
2806 4252 2897 4324 vi-

643 4383 974 4467 deantur,
1024 4405 1261 4475 pauca
1309 4392 1503 4454 sunt.
1598 4382 1779 4475 quid
1836 4406 2173 4477 quaeque
2237 4383 2380 4455 sibi
2431 4394 2599 4477 post
2642 4383 2897 4456 Aldum

640 4511 1050 4585 editionum
1087 4511 1470 4607 proprium
1504 4512 1806 4598 habent,
1844 4510 2098 4583 sedulo
2135 4512 2216 4584 in
2251 4513 2634 4587 notatione
2669 4512 2900 4586 critica

2938 4648 2992 5066 J
