3059 5125
2373 333 2500 396 473

227 502 369 567 loeo
413 502 818 586 marginibus
873 503 1112 568 codicis
1167 504 1608 569 Historiarum
1668 504 2020 589 adscriptas
2075 503 2278 568 fuisse
2332 517 2502 570 reete

229 614 647 698 colligamus,
695 616 865 679 sicut
906 615 1101 680 etiarn
1143 638 1322 680 nunc
1363 616 1436 680 in
1479 616 1728 699 aliquot
1768 615 1951 681 libris
1980 617 2252 681 vetustis
2280 616 2502 681 maxi-

226 748 463 810 meque
515 726 588 790 in
646 726 1053 811 Angelicano
1117 729 1234 814 (Β)
1299 728 1544 793 factum
1601 750 1742 793 esse
1798 728 2044 793 scholia
2085 728 2269 794 illinc
2312 729 2502 794 nobis

227 839 403 904 edita
454 838 842 917 ostendunt,
903 839 1195 924 sequitur
1244 840 1376 905 iam
1429 852 1506 906 ut
1570 839 1650 904 de
1713 841 1857 925 ipso
1921 840 2046 905 hoc
2108 841 2503 926 interpretass-

228 951 425 1016 tionis
467 970 704 1036 genere
747 952 1126 1016 auctoritate
1178 952 1472 1018 fontibus
1528 953 1941 1018 disseramus.
2033 974 2187 1018 nam
2231 953 2313 1017 ad
2357 975 2504 1018 ora-

230 1062 477 1128 tionem
518 1063 837 1128 Herodoti
893 1063 1010 1128 ubi
1067 1064 1441 1129 adhibueris
1455 1113 1475 1142 ‚
1536 1064 1702 1129 illud
1758 1065 1976 1130 statim
2032 1066 2324 1131 animum
2366 1088 2503 1130 non

226 1176 516 1240 advertet
554 1175 774 1260 potius
832 1197 1027 1260 quam
1084 1176 1370 1242 offendet
1383 1224 1404 1254 ,
1462 1178 1639 1261 quod
1681 1176 1876 1261 longe
1926 1177 2206 1263 plurima
2250 1200 2499 1257 eorum,

226 1287 299 1351 in
342 1287 581 1372 quibus
624 1287 902 1354 haesitat
942 1287 1133 1356 lectio
1192 1288 1692 1374 interpretisque
1738 1288 2021 1354 sollertia
2065 1290 2502 1375 circumspici·

228 1412 333 1465 tur
348 1447 369 1478 ,
416 1399 611 1485 plane
654 1399 953 1484 neglecta
995 1410 1152 1465 sunt
1165 1447 1186 1478 ,
1234 1400 1417 1465 velut
1456 1401 1618 1465 haec
1646 1412 1900 1486 praeter
1926 1402 2338 1467 Herodotum
2369 1424 2504 1467 non

225 1512 493 1578 inventa
522 1522 715 1596 atque
744 1522 820 1576 ut
863 1511 1054 1576 aiunt
1096 1504 1250 1584 ἅπαξ
1280 1507 1612 1598 λεγόμεναι
1661 1510 2169 1601 κραυγανόμενον
2210 1513 2287 1599 (Α
2325 1517 2499 1598 111),
2605 1502 2616 1511 ’

224 1625 573 1712 προβοσκῶν
628 1622 706 1707 (Α
759 1625 944 1707 113),
992 1618 1311 1710 ἐγγλύσσει
1361 1622 1437 1708 (Β
1483 1627 1632 1710 92),
1681 1621 1936 1693 ἆπιποῦν
1993 1624 2067 1710 (Β
2113 1627 2261 1710 94),
2320 1651 2503 1714 περι-

225 1731 621 1824 λεσχήνευτος
689 1732 784 1812 (Β
857 1736 1055 1821 135),
1123 1736 1513 1824 χρηίσκονται
1587 1735 1666 1821 (Γ
1737 1740 1932 1822 117),
2004 1733 2504 1824 εόκομιὸεστάτας

234 1849 305 1933 (Δ
352 1849 496 1933 53),
557 1843 982 1935 διεπρήστευσε
1044 1849 1114 1933 (Δ
1163 1855 1261 1928 79)
1330 1849 1507 1932 quod
1563 1849 1827 1933 quidem
1882 1872 2077 1914 nemo
2121 1851 2335 1915 adhue
2379 1873 2504 1915 ex-

226 1960 513 2045 pedivit,
574 1955 1063 2046 ἆντιῦευσόμενοι
1100 1958 1175 2045 (Ε
1221 1960 1368 2045 22),
1428 1962 1791 2049 ναυκρατέες
1845 1960 1916 2046 (Ε
1950 1963 2048 2046 36)
2075 2013 2095 2042 ,
2157 1958 2504 2050 ἀκρομανής

236 2071 309 2152 (Ε
339 2074 486 2156 42),
534 2069 757 2139 tristia
810 2069 881 2156 (Ε
914 2073 1015 2157 50)
1041 2123 1062 2153 ,
1121 2073 1800 2161 προλελεσχηνευμένων
1843 2073 1912 2158 (Ζ
1960 2077 2064 2158 4),
2123 2075 2502 2161 κατωμοσίην

236 2183 311 2269 (Ζ
354 2190 455 2265 ιο)
486 2231 507 2262 ,
577 2178 993 2272 ψηφιδοφόρος
1043 2182 1117 2268 (Ζ
1181 2190 1319 2264 ιοο)
1344 2233 1365 2262 ,
1433 2180 1798 2272 ἀράσσονται
1861 2185 1931 2269 (Ζ
1972 2192 2112 2267 ιιο)
2137 2235 2157 2265 ,
2228 2188 2501 2275 συνεστίῃ

237 2295 333 2381 (Ζ,
363 2297 542 2381 128),
608 2291 903 2383 παλήσειε
966 2294 1035 2382 (Θ
1084 2298 1231 2380 21),
1301 2297 1794 2384 ἐκδεδωρίευνται
1847 2296 1916 2380 (Θ
1964 2299 2109 2381 73),
2172 2294 2501 2371 ἀλύκταζον

234 2407 277 2493 (l
312 2409 440 2492 70).
503 2418 727 2474 eontra
768 2430 904 2473 non
946 2407 1131 2474 nulla
1174 2409 1316 2493 opis
1360 2408 1530 2474 nihil
1572 2409 1937 2493 indigentia
1971 2410 2292 2476 illustrata
2320 2422 2497 2490 sunt,

224 2530 301 2589 ut
355 2515 561 2609 ἁβρόν.
626 2517 838 2609 ἀνέλῃ.
901 2520 1272 2609 δημιοεργοί.
1321 2520 1586 2596 ἐπίδοξα.
1645 2520 1889 2589 ἔπιπλα.
1953 2516 2199 2611 μύδρον.
2257 2523 2496 2590 πεσσοί.

227 2638 432 2721 ψῆνες.
483 2644 639 2699 sunt
680 2634 876 2699 etiam
920 2655 1058 2698 non
1100 2656 1308 2718 pauca
1351 2656 1519 2719 quae
1563 2634 1731 2699 nihil
1775 2636 2049 2700 orationi
2093 2637 2505 2702 Herodoteae

225 2745 521 2813 adferant
589 2744 754 2811 lueis
780 2794 801 2823 ‚
906 2745 1021 2823 sed
1096 2745 1369 2811 molesta
1448 2746 1812 2811 eruditione
1892 2748 2217 2813 retardent
2291 2750 2504 2834 magis

118 2892 125 2898 -
224 2879 421 2942 quam
462 2857 814 2942 expediant
852 2856 1257 2923 intellectum
1310 2858 1461 2936 (vid.
1523 2855 1898 2944 ἀγηλατέειν.
1973 2860 2153 2946 αἰγίς.
2226 2859 2495 2949 ἔλυτρον.

226 2963 418 3056 ζειρά.
470 2968 674 3057 μυχοί.
723 2961 931 3057 ὄρθιον
990 2965 1195 3055 νόμον.
1254 2971 1327 3037 οὐ
1376 2969 1853 3057 καταπροΐξεται.
1918 2970 2299 3038 Παταΐκοισι.
2369 2998 2499 3059 πη·-

224 3081 369 3155 κτίς.
416 3081 824 3169 πολέμαρχος.
887 3080 1096 3169 ταρσοὶ
1124 3076 1439 3168 καλάμων.
1515 3083 1763 3168 τέμπεα.
1829 3078 2081 3171 φάρσος.
2140 3079 2373 3171 χυτόν).
2436 3096 2504 3150 et

223 3193 383 3258 haee
441 3192 711 3257 forsitan
768 3194 913 3278 quis
969 3194 1060 3259 ita
1118 3195 1521 3259 excusaverit
1577 3204 1655 3258 ut
1695 3195 1998 3279 reliquias
2054 3217 2194 3260 esse
2250 3196 2502 3262 ditioris

224 3305 553 3371 doctrinae
594 3327 671 3370 ac
713 3305 951 3371 similia
991 3305 1062 3369 in
1109 3306 1339 3390 quovis
1382 3317 1675 3372 veterum
1717 3307 2142 3392 interpretum
2172 3308 2502 3373 abundare

222 3417 549 3482 defendat.
622 3415 787 3481 illud
850 3438 1003 3482 vero
1068 3439 1204 3482 non
1266 3419 1566 3504 ineptum
1620 3419 1813 3483 modo
1870 3429 1936 3482 et
1989 3420 2330 3485 abundans
2387 3420 2502 3486 sed

223 3529 418 3614 plane
460 3528 813 3593 absurdum
857 3539 925 3593 et
964 3528 1271 3595 insanum
1286 3580 1306 3609 ‚
1356 3531 1533 3614 quod
1568 3532 1887 3615 quaedam
1915 3553 1954 3595 a
1983 3532 2308 3615 scriptoris
2339 3554 2499 3597 sen-—

223 3640 428 3706 tentia
491 3641 918 3706 remotissima
980 3651 1049 3706 et
1111 3642 1196 3705 ad
1253 3642 1613 3725 quemlibet
1676 3642 1879 3707 alium
1935 3664 2130 3727 quam
2184 3645 2269 3708 ad
2322 3645 2503 3709 hune

223 3753 472 3838 aptiora
513 3773 631 3837 pro
673 3752 1315 3838 interpretationibus
1372 3754 1695 3819 iactantur
1712 3802 1733 3833 ,
1795 3764 1873 3819 ut
1924 3755 2101 3820 istud
2155 3757 2238 3819 ad
2295 3754 2356 3821 H
2423 3764 2501 3821 36

224 3866 636 3952 στρῷλοῦντες
679 3856 943 3930 ὄνοισι
994 3864 1259 3951 (suculis)
1314 3865 1689 3936 ξυλίνοισι
1729 3864 1805 3933 τὰ
1833 3861 1992 3932 ὅπλα
2031 3867 2277 3953 (funes)
2317 3888 2503 3932 eorn-

222 3986 550 4041 mentum:
624 3971 780 4051 ὄνος.
849 3971 916 4043 τὸ
968 3974 1105 4064 περὶ
1168 3973 1247 4043 τὰ
1285 3982 1404 4043 τῶν
1471 3973 1702 4045 ὑδάτων
1773 3976 1988 4066 ἀγγεῖα
2040 3974 2342 4046 πολύπουν
2398 3979 2503 4045 καὶ

222 4083 697 4176 συστρεφόμενον
735 4095 844 4168 (se.
885 4091 1060 4178 ζῷον)
1083 4139 1104 4169 ,
1154 4099 1268 4153 aut
1309 4091 1392 4154 ad
1437 4088 1493 4155 B
1544 4099 1616 4154 71
1663 4089 1818 4177 (ἶβις)
1874 4091 2140 4177 μέγαθος
2183 4084 2322 4157 ὅσον
2367 4093 2504 4180 κρέξ

221 4200 377 4265 hoe:
428 4200 587 4287 κρέξ.
635 4193 842 4288 ὄρνεον
872 4198 1292 4267 ὃυσοιωνιστὸν
1322 4203 1446 4277 τοῖς
1473 4208 1794 4288 γαμοῦσιν.
1831 4224 1906 4267 ae
1935 4202 2231 4267 similiter
2259 4204 2504 4268 absona

222 4333 388 4396 quae
431 4312 779 4377 subiuncta
822 4322 977 4377 sunt
1023 4312 1129 4377 his
1172 4312 1474 4381 vocibus:
1526 4312 1910 4404 ἀρχαιρεσίη.
1961 4315 2271 4402 ἑταιρεῖος.
2326 4316 2500 4382 ἱστία.

222 4420 378 4490 κατὰ
408 4424 610 4491 τέλεα.
663 4419 1011 4513 ναυλόχιον.
1057 4420 1373 4513 πρόχυσις.
1419 4420 1695 4513 στρόφος.
1731 4426 1974 4514 σχοίνου
2004 4426 2318 4513 συμβολεῖς
2333 4476 2353 4506 ,
2387 4449 2509 4492 nec
