<?xml version="1.0" encoding="UTF-8"?>
<!DOCTYPE html PUBLIC "-//W3C//DTD XHTML 1.0 Transitional//EN"
    "http://www.w3.org/TR/xhtml1/DTD/xhtml1-transitional.dtd">
<html xmlns="http://www.w3.org/1999/xhtml" xml:lang="en" lang="en">
 <head>
  <title>
</title>
<meta http-equiv="Content-Type" content="text/html;charset=utf-8" />
  <meta name='ocr-system' content='tesseract 3.04.00' />
  <meta name='ocr-capabilities' content='ocr_page ocr_carea ocr_par ocr_line ocrx_word'/>
</head>
<body>
  <div class='ocr_page' id='page_1' title='image "./herodotihistori00unkngoog_0238.png"; bbox 0 0 3059 5125; ppageno 0'>
   <div class='ocr_carea' id='block_1_1' title="bbox 575 245 1911 309">
    <p class='ocr_par' dir='ltr' id='par_1_1' title="bbox 575 245 1911 309">
     <span class='ocr_line' id='line_1_1' title="bbox 575 245 1911 309; baseline -0.014 0"><span class='ocrx_word' id='word_1_1' title='bbox 575 247 698 309; x_wconf 82' lang='lat'><strong>152</strong></span> <span class='ocrx_word' id='word_1_2' title='bbox 1511 245 1911 305; x_wconf 85' lang='lat' dir='ltr'><strong>—B—</strong></span> 
     </span>
    </p>
   </div>
   <div class='ocr_carea' id='block_1_2' title="bbox 465 418 2981 3165">
    <p class='ocr_par' dir='ltr' id='par_1_2' title="bbox 465 418 2981 3165">
     <span class='ocr_line' id='line_1_2' title="bbox 570 418 2793 519; baseline -0.003 -25"><span class='ocrx_word' id='word_1_3' title='bbox 570 425 820 519; x_wconf 80' lang='grc' dir='ltr'>σοφίην</span> <span class='ocrx_word' id='word_1_4' title='bbox 859 418 1093 498; x_wconf 71' lang='grc' dir='ltr'><strong>ἔλεξαν</strong></span> <span class='ocrx_word' id='word_1_5' title='bbox 1128 422 1280 516; x_wconf 84' lang='grc' dir='ltr'><strong>περὶ</strong></span> <span class='ocrx_word' id='word_1_6' title='bbox 1329 424 1448 490; x_wconf 82' lang='grc' dir='ltr'><strong>τοῦ</strong></span> <span class='ocrx_word' id='word_1_7' title='bbox 1486 418 1729 498; x_wconf 80' lang='grc' dir='ltr'><strong>ὕδατος</strong></span> <span class='ocrx_word' id='word_1_8' title='bbox 1764 421 2000 490; x_wconf 89' lang='grc' dir='ltr'><strong>τούτου</strong></span> <span class='ocrx_word' id='word_1_9' title='bbox 2037 423 2392 517; x_wconf 77' lang='grc' dir='ltr'>τριφασίας</span> <span class='ocrx_word' id='word_1_10' title='bbox 2426 419 2644 498; x_wconf 75' lang='grc' dir='ltr'><strong>ὁδούς·</strong></span> <span class='ocrx_word' id='word_1_11' title='bbox 2693 426 2793 490; x_wconf 79' lang='grc' dir='ltr'><strong>τῶν</strong></span> 
     </span>
     <span class='ocr_line' id='line_1_3' title="bbox 570 527 2791 638; baseline -0.001 -26"><span class='ocrx_word' id='word_1_12' title='bbox 570 539 689 620; x_wconf 83' lang='grc' dir='ltr'><strong>τὰς</strong></span> <span class='ocrx_word' id='word_1_13' title='bbox 728 537 847 636; x_wconf 77' lang='grc' dir='ltr'><strong>μὲν</strong></span> <span class='ocrx_word' id='word_1_14' title='bbox 884 540 1006 612; x_wconf 83' lang='grc' dir='ltr'><strong>δύο</strong></span> <span class='ocrx_word' id='word_1_15' title='bbox 1040 545 1176 611; x_wconf 81' lang='grc' dir='ltr'><strong>τῶν</strong></span> <span class='ocrx_word' id='word_1_16' title='bbox 1217 537 1390 609; x_wconf 80' lang='grc' dir='ltr'><strong>ὁδῶν</strong></span> <span class='ocrx_word' id='word_1_17' title='bbox 1428 527 1574 610; x_wconf 81' lang='grc' dir='ltr'><strong>οὐδ’</strong></span> <span class='ocrx_word' id='word_1_18' title='bbox 1621 535 1789 619; x_wconf 75' lang='grc' dir='ltr'><strong>ἀξιῶ</strong></span> <span class='ocrx_word' id='word_1_19' title='bbox 1840 539 2337 638; x_wconf 78' lang='grc' dir='ltr'><strong>μνησθῆναι·εί</strong></span> <span class='ocrx_word' id='word_1_20' title='bbox 2386 542 2482 638; x_wconf 81' lang='grc' dir='ltr'><strong>μὴ</strong></span> <span class='ocrx_word' id='word_1_21' title='bbox 2516 540 2661 611; x_wconf 79' lang='grc' dir='ltr'><strong>ὅσον</strong></span> <span class='ocrx_word' id='word_1_22' title='bbox 2692 565 2791 635; x_wconf 83' lang='grc' dir='ltr'><strong>ση-</strong></span> 
     </span>
     <span class='ocr_line' id='line_1_4' title="bbox 573 657 2792 763; baseline 0 -31"><span class='ocrx_word' id='word_1_23' title='bbox 573 670 784 763; x_wconf 83' lang='grc' dir='ltr'><strong>μῆναι</strong></span> <span class='ocrx_word' id='word_1_24' title='bbox 821 658 1233 762; x_wconf 84' lang='grc' dir='ltr'><strong>βουλόμενος</strong></span> <span class='ocrx_word' id='word_1_25' title='bbox 1269 662 1516 756; x_wconf 80' lang='grc' dir='ltr'><strong>μοῦνον</strong></span> <span class='ocrx_word' id='word_1_26' title='bbox 1541 682 1556 697; x_wconf 93' lang='grc'><em>·</em></span> <span class='ocrx_word' id='word_1_27' title='bbox 1611 665 1745 731; x_wconf 84' lang='grc' dir='ltr'><strong>τῶν</strong></span> <span class='ocrx_word' id='word_1_28' title='bbox 1785 661 1833 758; x_wconf 79' lang='grc' dir='ltr'>ἡ</span> <span class='ocrx_word' id='word_1_29' title='bbox 1872 659 2067 760; x_wconf 79' lang='grc' dir='ltr'><strong>ἑτέρη</strong></span> <span class='ocrx_word' id='word_1_30' title='bbox 2111 657 2233 755; x_wconf 77' lang='grc' dir='ltr'><strong>μὲν</strong></span> <span class='ocrx_word' id='word_1_31' title='bbox 2274 658 2457 759; x_wconf 83' lang='grc' dir='ltr'><strong>λέγει</strong></span> <span class='ocrx_word' id='word_1_32' title='bbox 2491 661 2641 741; x_wconf 75' lang='grc' dir='ltr'><strong>τοὺς</strong></span> <span class='ocrx_word' id='word_1_33' title='bbox 2668 660 2792 756; x_wconf 69' lang='grc' dir='ltr'><strong>ἐτη-</strong></span> 
     </span>
     <span class='ocr_line' id='line_1_5' title="bbox 570 777 2798 880; baseline -0.001 -25"><span class='ocrx_word' id='word_1_34' title='bbox 570 785 722 863; x_wconf 92' lang='grc' dir='ltr'><strong>σίας</strong></span> <span class='ocrx_word' id='word_1_35' title='bbox 757 777 1044 874; x_wconf 76' lang='grc' dir='ltr'><strong>ἀνέμους</strong></span> <span class='ocrx_word' id='word_1_36' title='bbox 1079 777 1246 853; x_wconf 85' lang='grc' dir='ltr'><strong>εἶναι</strong></span> <span class='ocrx_word' id='word_1_37' title='bbox 1283 781 1530 862; x_wconf 81' lang='grc' dir='ltr'><strong>αἰτίους</strong></span> <span class='ocrx_word' id='word_1_38' title='bbox 1562 780 1898 880; x_wconf 78' lang='grc' dir='ltr'>πληθύειν</span> <span class='ocrx_word' id='word_1_39' title='bbox 1936 782 2048 852; x_wconf 82' lang='grc' dir='ltr'><strong>τὸν</strong></span> <span class='ocrx_word' id='word_1_40' title='bbox 2086 783 2416 875; x_wconf 84' lang='grc' dir='ltr'><strong>ποταμόν,</strong></span> <span class='ocrx_word' id='word_1_41' title='bbox 2472 782 2798 860; x_wconf 75' lang='grc' dir='ltr'><strong>κωλύοντας</strong></span> 
     </span>
     <span class='ocr_line' id='line_1_6' title="bbox 571 897 2861 1010; baseline 0 -37"><span class='ocrx_word' id='word_1_42' title='bbox 571 901 644 1010; x_wconf 72' lang='grc' dir='ltr'><strong>ές</strong></span> <span class='ocrx_word' id='word_1_43' title='bbox 688 899 1037 974; x_wconf 79' lang='grc' dir='ltr'><strong>θάλασσαν</strong></span> <span class='ocrx_word' id='word_1_44' title='bbox 1093 899 1341 1000; x_wconf 82' lang='grc' dir='ltr'><strong>ἐκρέειν</strong></span> <span class='ocrx_word' id='word_1_45' title='bbox 1393 904 1505 973; x_wconf 83' lang='grc' dir='ltr'><strong>τὸν</strong></span> <span class='ocrx_word' id='word_1_46' title='bbox 1542 899 1827 974; x_wconf 85' lang='grc' dir='ltr'><strong>Νεῖλον.’</strong></span> <span class='ocrx_word' id='word_1_47' title='bbox 1902 899 2232 981; x_wconf 82' lang='grc' dir='ltr'><strong>πολλάκις</strong></span> <span class='ocrx_word' id='word_1_48' title='bbox 2280 899 2357 972; x_wconf 82' lang='grc' dir='ltr'><strong>δὲ</strong></span> <span class='ocrx_word' id='word_1_49' title='bbox 2417 901 2670 1000; x_wconf 83' lang='grc' dir='ltr'><strong>ἐτησίαι</strong></span> <span class='ocrx_word' id='word_1_50' title='bbox 2707 897 2799 994; x_wconf 85' lang='grc' dir='ltr'><strong>μὲν</strong></span> <span class='ocrx_word' id='word_1_51' title='bbox 2842 918 2861 965; x_wconf 80' lang='lat'><strong>⁵</strong></span> 
     </span>
     <span class='ocr_line' id='line_1_7' title="bbox 572 1018 2801 1121; baseline -0.001 -29"><span class='ocrx_word' id='word_1_52' title='bbox 572 1018 786 1092; x_wconf 79' lang='grc' dir='ltr'><strong>οὔκων</strong></span> <span class='ocrx_word' id='word_1_53' title='bbox 823 1018 1172 1104; x_wconf 82' lang='grc' dir='ltr'><strong>ἔπνευσαν,</strong></span> <span class='ocrx_word' id='word_1_54' title='bbox 1234 1020 1270 1091; x_wconf 79' lang='grc' dir='ltr'>ὁ</span> <span class='ocrx_word' id='word_1_55' title='bbox 1321 1019 1395 1093; x_wconf 79' lang='grc' dir='ltr'><strong>δὲ</strong></span> <span class='ocrx_word' id='word_1_56' title='bbox 1430 1019 1681 1104; x_wconf 86' lang='grc' dir='ltr'><strong>Νεῖλος</strong></span> <span class='ocrx_word' id='word_1_57' title='bbox 1728 1022 1944 1094; x_wconf 80' lang='grc' dir='ltr'><strong>τώυτὸ</strong></span> <span class='ocrx_word' id='word_1_58' title='bbox 1992 1020 2366 1119; x_wconf 71' lang='grc' dir='ltr'><strong>ἐργάζεται.</strong></span> <span class='ocrx_word' id='word_1_59' title='bbox 2455 1023 2619 1121; x_wconf 81' lang='grc' dir='ltr'><strong>πρὸς</strong></span> <span class='ocrx_word' id='word_1_60' title='bbox 2648 1018 2728 1101; x_wconf 85' lang='grc' dir='ltr'><strong>δέ,</strong></span> <span class='ocrx_word' id='word_1_61' title='bbox 2758 1019 2801 1090; x_wconf 85' lang='grc' dir='ltr'><strong>εί</strong></span> 
     </span>
     <span class='ocr_line' id='line_1_8' title="bbox 571 1138 2799 1241; baseline 0.001 -29"><span class='ocrx_word' id='word_1_62' title='bbox 571 1139 836 1239; x_wconf 85' lang='grc' dir='ltr'><strong>ἐτησίαι</strong></span> <span class='ocrx_word' id='word_1_63' title='bbox 890 1138 1088 1211; x_wconf 76' lang='grc' dir='ltr'><strong>αἴτιοι</strong></span> <span class='ocrx_word' id='word_1_64' title='bbox 1134 1141 1331 1240; x_wconf 82' lang='grc' dir='ltr'><strong>ἦσαν,</strong></span> <span class='ocrx_word' id='word_1_65' title='bbox 1393 1148 1567 1241; x_wconf 83' lang='grc' dir='ltr'><strong>χρῆν</strong></span> <span class='ocrx_word' id='word_1_66' title='bbox 1620 1145 1732 1214; x_wconf 83' lang='grc' dir='ltr'><strong>καὶ</strong></span> <span class='ocrx_word' id='word_1_67' title='bbox 1784 1143 1943 1223; x_wconf 82' lang='grc' dir='ltr'><strong>τοὺς</strong></span> <span class='ocrx_word' id='word_1_68' title='bbox 1988 1139 2237 1222; x_wconf 84' lang='grc' dir='ltr'><strong>ἄλλους</strong></span> <span class='ocrx_word' id='word_1_69' title='bbox 2285 1143 2641 1236; x_wconf 86' lang='grc' dir='ltr'><strong>ποταμούς,</strong></span> <span class='ocrx_word' id='word_1_70' title='bbox 2688 1140 2799 1214; x_wconf 79' lang='grc' dir='ltr'><strong>ὅσοι</strong></span> 
     </span>
     <span class='ocr_line' id='line_1_9' title="bbox 570 1257 2802 1362; baseline -0.002 -29"><span class='ocrx_word' id='word_1_71' title='bbox 570 1261 745 1334; x_wconf 84' lang='grc' dir='ltr'><strong>τοῖσι</strong></span> <span class='ocrx_word' id='word_1_72' title='bbox 797 1258 1113 1358; x_wconf 76' lang='grc' dir='ltr'><strong>ἐτησίῃσι</strong></span> <span class='ocrx_word' id='word_1_73' title='bbox 1167 1257 1380 1334; x_wconf 86' lang='grc' dir='ltr'><strong>ἀντίοι</strong></span> <span class='ocrx_word' id='word_1_74' title='bbox 1431 1259 1676 1360; x_wconf 91' lang='grc' dir='ltr'><strong>ῥέουσι,</strong></span> <span class='ocrx_word' id='word_1_75' title='bbox 1737 1263 1991 1358; x_wconf 80' lang='grc' dir='ltr'><strong>ὁμοίως</strong></span> <span class='ocrx_word' id='word_1_76' title='bbox 2045 1262 2330 1362; x_wconf 76' lang='grc' dir='ltr'><strong>πάσχειν</strong></span> <span class='ocrx_word' id='word_1_77' title='bbox 2386 1264 2496 1334; x_wconf 84' lang='grc' dir='ltr'><strong>καὶ</strong></span> <span class='ocrx_word' id='word_1_78' title='bbox 2549 1258 2699 1334; x_wconf 77' lang='grc' dir='ltr'><strong>κατὰ</strong></span> <span class='ocrx_word' id='word_1_79' title='bbox 2737 1257 2802 1329; x_wconf 79' lang='grc' dir='ltr'><strong>τὰ</strong></span> 
     </span>
     <span class='ocr_line' id='line_1_10' title="bbox 573 1377 2800 1480; baseline -0.001 -26"><span class='ocrx_word' id='word_1_80' title='bbox 573 1379 744 1454; x_wconf 84' lang='grc' dir='ltr'><strong>αὐτὰ</strong></span> <span class='ocrx_word' id='word_1_81' title='bbox 777 1382 878 1477; x_wconf 82' lang='grc' dir='ltr'><strong>τῷ</strong></span> <span class='ocrx_word' id='word_1_82' title='bbox 905 1377 1155 1477; x_wconf 79' lang='grc' dir='ltr'><strong>Νείλῳ,</strong></span> <span class='ocrx_word' id='word_1_83' title='bbox 1199 1384 1310 1454; x_wconf 84' lang='grc' dir='ltr'><strong>καὶ</strong></span> <span class='ocrx_word' id='word_1_84' title='bbox 1348 1381 1612 1477; x_wconf 82' lang='grc' dir='ltr'><strong>μᾶλλον</strong></span> <span class='ocrx_word' id='word_1_85' title='bbox 1652 1380 1752 1455; x_wconf 82' lang='grc' dir='ltr'><strong>ἔτι</strong></span> <span class='ocrx_word' id='word_1_86' title='bbox 1782 1384 2085 1480; x_wconf 82' lang='grc' dir='ltr'><strong>τοσούτῳ</strong></span> <span class='ocrx_word' id='word_1_87' title='bbox 2123 1381 2265 1480; x_wconf 78' lang='grc' dir='ltr'><strong>ὅσῳ</strong></span> <span class='ocrx_word' id='word_1_88' title='bbox 2301 1381 2657 1462; x_wconf 80' lang='grc' dir='ltr'><strong>ἐλάσσονες</strong></span> <span class='ocrx_word' id='word_1_89' title='bbox 2685 1379 2800 1452; x_wconf 78' lang='grc' dir='ltr'><strong>ἑόν-</strong></span> 
     </span>
     <span class='ocr_line' id='line_1_11' title="bbox 571 1497 2869 1601; baseline -0.001 -27"><span class='ocrx_word' id='word_1_90' title='bbox 571 1527 682 1582; x_wconf 88' lang='grc' dir='ltr'><strong>τες</strong></span> <span class='ocrx_word' id='word_1_91' title='bbox 718 1498 1168 1599; x_wconf 79' lang='grc' dir='ltr'><strong>ἀσθενέστερα</strong></span> <span class='ocrx_word' id='word_1_92' title='bbox 1204 1501 1290 1574; x_wconf 83' lang='grc' dir='ltr'><strong>τὰ</strong></span> <span class='ocrx_word' id='word_1_93' title='bbox 1326 1503 1626 1600; x_wconf 88' lang='grc' dir='ltr'><strong>ῥεύματα</strong></span> <span class='ocrx_word' id='word_1_94' title='bbox 1659 1503 2090 1601; x_wconf 85' lang='grc' dir='ltr'><strong>παρέχονται.</strong></span> <span class='ocrx_word' id='word_1_95' title='bbox 2172 1504 2299 1578; x_wconf 80' lang='grc' dir='ltr'><strong>εἰσὶ</strong></span> <span class='ocrx_word' id='word_1_96' title='bbox 2335 1501 2411 1576; x_wconf 82' lang='grc' dir='ltr'><strong>δὲ</strong></span> <span class='ocrx_word' id='word_1_97' title='bbox 2444 1502 2675 1575; x_wconf 79' lang='grc' dir='ltr'><strong>πολλοὶ</strong></span> <span class='ocrx_word' id='word_1_98' title='bbox 2707 1497 2801 1595; x_wconf 84' lang='grc' dir='ltr'><strong>μὲν</strong></span> <span class='ocrx_word' id='word_1_99' title='bbox 2829 1516 2869 1566; x_wconf 83' lang='lat'><strong>¹⁰</strong></span> 
     </span>
     <span class='ocr_line' id='line_1_12' title="bbox 572 1619 2805 1724; baseline -0 -31"><span class='ocrx_word' id='word_1_100' title='bbox 572 1622 641 1693; x_wconf 86' lang='grc' dir='ltr'><strong>έν</strong></span> <span class='ocrx_word' id='word_1_101' title='bbox 680 1621 768 1720; x_wconf 79' lang='grc' dir='ltr'><strong>τῇ</strong></span> <span class='ocrx_word' id='word_1_102' title='bbox 798 1619 1010 1719; x_wconf 79' lang='grc' dir='ltr'><strong>Συρίῃ</strong></span> <span class='ocrx_word' id='word_1_103' title='bbox 1049 1624 1341 1717; x_wconf 81' lang='grc' dir='ltr'><strong>ποταμοὶ</strong></span> <span class='ocrx_word' id='word_1_104' title='bbox 1377 1622 1622 1694; x_wconf 82' lang='grc' dir='ltr'><strong>πολλοὶ</strong></span> <span class='ocrx_word' id='word_1_105' title='bbox 1656 1620 1730 1695; x_wconf 79' lang='grc' dir='ltr'><strong>δὲ</strong></span> <span class='ocrx_word' id='word_1_106' title='bbox 1759 1623 1830 1695; x_wconf 85' lang='grc' dir='ltr'><strong>έν</strong></span> <span class='ocrx_word' id='word_1_107' title='bbox 1867 1625 1955 1723; x_wconf 84' lang='grc' dir='ltr'><strong>τῇ</strong></span> <span class='ocrx_word' id='word_1_108' title='bbox 1986 1622 2232 1724; x_wconf 80' lang='grc' dir='ltr'><strong>Λιβύῃ,</strong></span> <span class='ocrx_word' id='word_1_109' title='bbox 2266 1622 2331 1695; x_wconf 82' lang='grc' dir='ltr'><strong>οἳ</strong></span> <span class='ocrx_word' id='word_1_110' title='bbox 2363 1623 2557 1696; x_wconf 82' lang='grc' dir='ltr'><strong>οὐδὲν</strong></span> <span class='ocrx_word' id='word_1_111' title='bbox 2586 1625 2805 1694; x_wconf 82' lang='grc' dir='ltr'><strong>τοιοῦτο</strong></span> 
     </span>
     <span class='ocr_line' id='line_1_13' title="bbox 465 1736 2806 1843; baseline 0 -30"><span class='ocrx_word' id='word_1_112' title='bbox 465 1753 537 1813; x_wconf 80' lang='lat'><strong>21</strong></span> <span class='ocrx_word' id='word_1_113' title='bbox 569 1740 906 1838; x_wconf 85' lang='grc' dir='ltr'><strong>πάσχουσι</strong></span> <span class='ocrx_word' id='word_1_114' title='bbox 955 1738 1099 1812; x_wconf 82' lang='grc' dir='ltr'><strong>οἶόν</strong></span> <span class='ocrx_word' id='word_1_115' title='bbox 1149 1766 1210 1813; x_wconf 88' lang='grc' dir='ltr'><strong>τι</strong></span> <span class='ocrx_word' id='word_1_116' title='bbox 1248 1745 1357 1814; x_wconf 81' lang='grc' dir='ltr'><strong>καὶ</strong></span> <span class='ocrx_word' id='word_1_117' title='bbox 1394 1741 1431 1813; x_wconf 81' lang='grc' dir='ltr'>ὁ</span> <span class='ocrx_word' id='word_1_118' title='bbox 1469 1740 1735 1823; x_wconf 82' lang='grc' dir='ltr'><strong>Νεῖλος.</strong></span> <span class='ocrx_word' id='word_1_119' title='bbox 1825 1745 1873 1842; x_wconf 79' lang='grc' dir='ltr'>ἡ</span> <span class='ocrx_word' id='word_1_120' title='bbox 1932 1736 1991 1815; x_wconf 83' lang='grc' dir='ltr'><strong>δ’</strong></span> <span class='ocrx_word' id='word_1_121' title='bbox 2053 1742 2250 1843; x_wconf 81' lang='grc' dir='ltr'><strong>ἑτέρη</strong></span> <span class='ocrx_word' id='word_1_122' title='bbox 2312 1741 2806 1842; x_wconf 80' lang='grc' dir='ltr'><strong>ἀνεπιστημονε-</strong></span> 
     </span>
     <span class='ocr_line' id='line_1_14' title="bbox 574 1859 2808 1963; baseline -0 -30"><span class='ocrx_word' id='word_1_123' title='bbox 574 1861 780 1961; x_wconf 86' lang='grc' dir='ltr'><strong>στέρη</strong></span> <span class='ocrx_word' id='word_1_124' title='bbox 823 1859 945 1957; x_wconf 92' lang='grc' dir='ltr'><strong>μέν</strong></span> <span class='ocrx_word' id='word_1_125' title='bbox 982 1859 1124 1933; x_wconf 84' lang='grc' dir='ltr'><strong>ἐστι</strong></span> <span class='ocrx_word' id='word_1_126' title='bbox 1158 1870 1283 1963; x_wconf 82' lang='grc' dir='ltr'><strong>τῆς</strong></span> <span class='ocrx_word' id='word_1_127' title='bbox 1317 1861 1750 1962; x_wconf 77' lang='grc' dir='ltr'><strong>λελεγμένης,</strong></span> <span class='ocrx_word' id='word_1_128' title='bbox 1809 1863 1993 1963; x_wconf 84' lang='grc' dir='ltr'><strong>λόγῳ</strong></span> <span class='ocrx_word' id='word_1_129' title='bbox 2046 1864 2123 1938; x_wconf 80' lang='grc' dir='ltr'><strong>δὲ</strong></span> <span class='ocrx_word' id='word_1_130' title='bbox 2176 1863 2383 1937; x_wconf 76' lang='grc' dir='ltr'><strong>εἰπεῖν</strong></span> <span class='ocrx_word' id='word_1_131' title='bbox 2433 1864 2808 1959; x_wconf 80' lang='grc' dir='ltr'><strong>θωυμασιω-</strong></span> 
     </span>
     <span class='ocr_line' id='line_1_15' title="bbox 571 1976 2809 2082; baseline -0.001 -27"><span class='ocrx_word' id='word_1_132' title='bbox 571 1983 775 2080; x_wconf 89' lang='grc' dir='ltr'><strong>τέρη·</strong></span> <span class='ocrx_word' id='word_1_133' title='bbox 827 1982 876 2081; x_wconf 80' lang='grc' dir='ltr'>ἢ</span> <span class='ocrx_word' id='word_1_134' title='bbox 916 1981 1096 2079; x_wconf 89' lang='grc' dir='ltr'><strong>λέγει</strong></span> <span class='ocrx_word' id='word_1_135' title='bbox 1133 1978 1267 2053; x_wconf 80' lang='grc' dir='ltr'><strong>ἀπὸ</strong></span> <span class='ocrx_word' id='word_1_136' title='bbox 1301 1987 1423 2054; x_wconf 84' lang='grc' dir='ltr'><strong>τοῦ</strong></span> <span class='ocrx_word' id='word_1_137' title='bbox 1455 1976 1786 2056; x_wconf 81' lang='grc' dir='ltr'><strong>Ὠκεανοῦ</strong></span> <span class='ocrx_word' id='word_1_138' title='bbox 1836 1983 2071 2082; x_wconf 88' lang='grc' dir='ltr'><strong>ῥέοντα</strong></span> <span class='ocrx_word' id='word_1_139' title='bbox 2119 1983 2318 2056; x_wconf 78' lang='grc' dir='ltr'><strong>αὐτὸν</strong></span> <span class='ocrx_word' id='word_1_140' title='bbox 2364 1989 2577 2058; x_wconf 82' lang='grc' dir='ltr'><strong>ταῦτα</strong></span> <span class='ocrx_word' id='word_1_141' title='bbox 2612 2007 2809 2082; x_wconf 81' lang='grc' dir='ltr'><strong>μηχα-</strong></span> 
     </span>
     <span class='ocr_line' id='line_1_16' title="bbox 466 2092 2878 2205; baseline -0.001 -28"><span class='ocrx_word' id='word_1_142' title='bbox 466 2116 549 2177; x_wconf 84' lang='grc'><strong>22</strong></span> <span class='ocrx_word' id='word_1_143' title='bbox 571 2101 836 2185; x_wconf 84' lang='grc' dir='ltr'><strong>νᾶσθαι,</strong></span> <span class='ocrx_word' id='word_1_144' title='bbox 889 2104 1003 2174; x_wconf 83' lang='grc' dir='ltr'><strong>τὸν</strong></span> <span class='ocrx_word' id='word_1_145' title='bbox 1062 2101 1137 2176; x_wconf 85' lang='grc' dir='ltr'><strong>δὲ</strong></span> <span class='ocrx_word' id='word_1_146' title='bbox 1177 2092 1497 2175; x_wconf 83' lang='grc' dir='ltr'><strong>Ὠκεανὸν</strong></span> <span class='ocrx_word' id='word_1_147' title='bbox 1535 2112 1662 2205; x_wconf 81' lang='grc' dir='ltr'><strong>γῆν</strong></span> <span class='ocrx_word' id='word_1_148' title='bbox 1701 2103 1854 2204; x_wconf 84' lang='grc' dir='ltr'><strong>πέρι</strong></span> <span class='ocrx_word' id='word_1_149' title='bbox 1903 2108 2126 2177; x_wconf 84' lang='grc' dir='ltr'><strong>πᾶσαν</strong></span> <span class='ocrx_word' id='word_1_150' title='bbox 2179 2103 2371 2203; x_wconf 81' lang='grc' dir='ltr'><strong>ῥέειν.</strong></span> <span class='ocrx_word' id='word_1_151' title='bbox 2464 2107 2513 2203; x_wconf 77' lang='grc' dir='ltr'><strong>ἠ</strong></span> <span class='ocrx_word' id='word_1_152' title='bbox 2552 2103 2624 2178; x_wconf 83' lang='grc' dir='ltr'><strong>δὲ</strong></span> <span class='ocrx_word' id='word_1_153' title='bbox 2651 2108 2807 2202; x_wconf 83' lang='grc' dir='ltr'><strong>τρίτη</strong></span> <span class='ocrx_word' id='word_1_154' title='bbox 2840 2116 2878 2166; x_wconf 75' lang='lat'><strong>15</strong></span> 
     </span>
     <span class='ocr_line' id='line_1_17' title="bbox 571 2221 2809 2323; baseline -0 -29"><span class='ocrx_word' id='word_1_155' title='bbox 571 2228 703 2294; x_wconf 83' lang='grc' dir='ltr'><strong>τῶν</strong></span> <span class='ocrx_word' id='word_1_156' title='bbox 779 2221 955 2294; x_wconf 80' lang='grc' dir='ltr'><strong>ὁδῶν</strong></span> <span class='ocrx_word' id='word_1_157' title='bbox 1019 2222 1272 2295; x_wconf 82' lang='grc' dir='ltr'><strong>πολλὸν</strong></span> <span class='ocrx_word' id='word_1_158' title='bbox 1345 2222 1809 2322; x_wconf 80' lang='grc' dir='ltr'><strong>ἐπιεικεστάτη</strong></span> <span class='ocrx_word' id='word_1_159' title='bbox 1876 2222 2083 2297; x_wconf 80' lang='grc' dir='ltr'><strong>ἐοῦσα</strong></span> <span class='ocrx_word' id='word_1_160' title='bbox 2138 2224 2430 2320; x_wconf 87' lang='grc' dir='ltr'><strong>μάλιστα</strong></span> <span class='ocrx_word' id='word_1_161' title='bbox 2494 2224 2809 2323; x_wconf 77' lang='grc' dir='ltr'><strong>ἔψευσται·</strong></span> 
     </span>
     <span class='ocr_line' id='line_1_18' title="bbox 570 2332 2814 2443; baseline 0 -28"><span class='ocrx_word' id='word_1_162' title='bbox 570 2341 753 2440; x_wconf 89' lang='grc' dir='ltr'><strong>λέγει</strong></span> <span class='ocrx_word' id='word_1_163' title='bbox 789 2341 917 2442; x_wconf 85' lang='grc' dir='ltr'><strong>γὰρ</strong></span> <span class='ocrx_word' id='word_1_164' title='bbox 953 2340 1040 2440; x_wconf 81' lang='grc' dir='ltr'><strong>δὴ</strong></span> <span class='ocrx_word' id='word_1_165' title='bbox 1079 2332 1231 2416; x_wconf 83' lang='grc' dir='ltr'><strong>οὐδ’</strong></span> <span class='ocrx_word' id='word_1_166' title='bbox 1277 2341 1448 2441; x_wconf 80' lang='grc' dir='ltr'><strong>αὕτη</strong></span> <span class='ocrx_word' id='word_1_167' title='bbox 1490 2343 1710 2426; x_wconf 83' lang='grc' dir='ltr'><strong>οὐδέν,</strong></span> <span class='ocrx_word' id='word_1_168' title='bbox 1763 2343 2036 2443; x_wconf 79' lang='grc' dir='ltr'><strong>φαμένη</strong></span> <span class='ocrx_word' id='word_1_169' title='bbox 2076 2347 2187 2416; x_wconf 79' lang='grc' dir='ltr'><strong>τὸν</strong></span> <span class='ocrx_word' id='word_1_170' title='bbox 2224 2342 2471 2418; x_wconf 85' lang='grc' dir='ltr'><strong>Νεῖλον</strong></span> <span class='ocrx_word' id='word_1_171' title='bbox 2511 2345 2673 2443; x_wconf 86' lang='grc' dir='ltr'><strong>ῥέειν</strong></span> <span class='ocrx_word' id='word_1_172' title='bbox 2705 2341 2814 2415; x_wconf 78' lang='grc' dir='ltr'><strong>ἀπὸ</strong></span> 
     </span>
     <span class='ocr_line' id='line_1_19' title="bbox 570 2459 2814 2567; baseline 0 -34"><span class='ocrx_word' id='word_1_173' title='bbox 570 2462 956 2561; x_wconf 77' lang='grc' dir='ltr'><strong>τηκομένης</strong></span> <span class='ocrx_word' id='word_1_174' title='bbox 988 2464 1253 2560; x_wconf 82' lang='grc' dir='ltr'><strong>χιόνος·</strong></span> <span class='ocrx_word' id='word_1_175' title='bbox 1307 2463 1383 2543; x_wconf 77' lang='grc' dir='ltr'><strong>ὃς</strong></span> <span class='ocrx_word' id='word_1_176' title='bbox 1438 2464 1575 2563; x_wconf 86' lang='grc' dir='ltr'><strong>ῥέει</strong></span> <span class='ocrx_word' id='word_1_177' title='bbox 1625 2464 1746 2560; x_wconf 76' lang='grc' dir='ltr'><strong>μὲν</strong></span> <span class='ocrx_word' id='word_1_178' title='bbox 1783 2463 1861 2538; x_wconf 76' lang='grc' dir='ltr'><strong>ἐκ</strong></span> <span class='ocrx_word' id='word_1_179' title='bbox 1897 2463 2162 2567; x_wconf 76' lang='grc' dir='ltr'><strong>Λιβύης</strong></span> <span class='ocrx_word' id='word_1_180' title='bbox 2198 2463 2310 2537; x_wconf 79' lang='grc' dir='ltr'><strong>διὰ</strong></span> <span class='ocrx_word' id='word_1_181' title='bbox 2348 2463 2576 2559; x_wconf 83' lang='grc' dir='ltr'><strong>μέσων</strong></span> <span class='ocrx_word' id='word_1_182' title='bbox 2612 2459 2814 2535; x_wconf 72' lang='grc' dir='ltr'><strong>Αἰθιό-</strong></span> 
     </span>
     <span class='ocr_line' id='line_1_20' title="bbox 568 2580 2815 2685; baseline -0 -29"><span class='ocrx_word' id='word_1_183' title='bbox 568 2610 736 2667; x_wconf 87' lang='grc' dir='ltr'><strong>πων,</strong></span> <span class='ocrx_word' id='word_1_184' title='bbox 795 2583 1052 2656; x_wconf 80' lang='grc' dir='ltr'><strong>ἐκδιδοῖ</strong></span> <span class='ocrx_word' id='word_1_185' title='bbox 1095 2581 1170 2656; x_wconf 83' lang='grc' dir='ltr'><strong>δὲ</strong></span> <span class='ocrx_word' id='word_1_186' title='bbox 1220 2583 1291 2665; x_wconf 84' lang='grc' dir='ltr'><strong>ἐς</strong></span> <span class='ocrx_word' id='word_1_187' title='bbox 1344 2580 1696 2683; x_wconf 83' lang='grc' dir='ltr'><strong>Αἴγυπτον.</strong></span> <span class='ocrx_word' id='word_1_188' title='bbox 1814 2593 1950 2665; x_wconf 84' lang='grc' dir='ltr'><strong>κῶς</strong></span> <span class='ocrx_word' id='word_1_189' title='bbox 1996 2587 2091 2655; x_wconf 81' lang='grc' dir='ltr'><strong>ὧν</strong></span> <span class='ocrx_word' id='word_1_190' title='bbox 2149 2584 2321 2685; x_wconf 82' lang='grc' dir='ltr'><strong>δῆτα</strong></span> <span class='ocrx_word' id='word_1_191' title='bbox 2376 2584 2518 2685; x_wconf 85' lang='grc' dir='ltr'><strong>ῥέοι</strong></span> <span class='ocrx_word' id='word_1_192' title='bbox 2576 2582 2652 2658; x_wconf 83' lang='grc' dir='ltr'><strong>ἂν</strong></span> <span class='ocrx_word' id='word_1_193' title='bbox 2705 2580 2815 2655; x_wconf 76' lang='grc' dir='ltr'><strong>ἀπὸ</strong></span> 
     </span>
     <span class='ocr_line' id='line_1_21' title="bbox 569 2699 2981 2805; baseline -0.001 -29"><span class='ocrx_word' id='word_1_194' title='bbox 569 2707 830 2803; x_wconf 87' lang='grc' dir='ltr'><strong>χιόνος,</strong></span> <span class='ocrx_word' id='word_1_195' title='bbox 909 2701 1042 2777; x_wconf 81' lang='grc' dir='ltr'><strong>ἀπὸ</strong></span> <span class='ocrx_word' id='word_1_196' title='bbox 1104 2711 1242 2776; x_wconf 81' lang='grc' dir='ltr'><strong>τῶν</strong></span> <span class='ocrx_word' id='word_1_197' title='bbox 1305 2704 1742 2805; x_wconf 83' lang='grc' dir='ltr'><strong>θερμοτάτων</strong></span> <span class='ocrx_word' id='word_1_198' title='bbox 1817 2705 1987 2804; x_wconf 85' lang='grc' dir='ltr'><strong>ῥέων</strong></span> <span class='ocrx_word' id='word_1_199' title='bbox 2053 2704 2123 2786; x_wconf 83' lang='grc' dir='ltr'><strong>ές</strong></span> <span class='ocrx_word' id='word_1_200' title='bbox 2183 2702 2266 2777; x_wconf 85' lang='grc' dir='ltr'><strong>τὰ</strong></span> <span class='ocrx_word' id='word_1_201' title='bbox 2327 2706 2704 2805; x_wconf 81' lang='grc' dir='ltr'><strong>ψυχρότερα</strong></span> <span class='ocrx_word' id='word_1_202' title='bbox 2751 2699 2818 2774; x_wconf 81' lang='grc' dir='ltr'><strong>τὰ</strong></span> <span class='ocrx_word' id='word_1_203' title='bbox 2841 2715 2883 2767; x_wconf 73' lang='lat'><strong>2⁹</strong></span> <span class='ocrx_word' id='word_1_204' title='bbox 2979 2754 2981 2787; x_wconf 35' lang='grc' dir='ltr'><em>Α</em></span> 
     </span>
     <span class='ocr_line' id='line_1_22' title="bbox 567 2820 2813 2924; baseline -0.001 -27"><span class='ocrx_word' id='word_1_205' title='bbox 567 2823 789 2897; x_wconf 90' lang='grc' dir='ltr'><strong>πολλά</strong></span> <span class='ocrx_word' id='word_1_206' title='bbox 838 2824 1012 2910; x_wconf 83' lang='grc' dir='ltr'><strong>έστι;</strong></span> <span class='ocrx_word' id='word_1_207' title='bbox 1064 2820 1258 2924; x_wconf 84' lang='grc' dir='ltr'><strong>α’νδρί</strong></span> <span class='ocrx_word' id='word_1_208' title='bbox 1294 2851 1372 2922; x_wconf 91' lang='grc' dir='ltr'><strong>γε</strong></span> <span class='ocrx_word' id='word_1_209' title='bbox 1408 2822 1793 2921; x_wconf 72' lang='grc' dir='ltr'><strong>λογίζεσθαι</strong></span> <span class='ocrx_word' id='word_1_210' title='bbox 1828 2827 2150 2898; x_wconf 87' lang='grc' dir='ltr'><strong>τοιούτων</strong></span> <span class='ocrx_word' id='word_1_211' title='bbox 2187 2826 2341 2924; x_wconf 88' lang='grc' dir='ltr'><strong>πέρι</strong></span> <span class='ocrx_word' id='word_1_212' title='bbox 2380 2824 2507 2922; x_wconf 75' lang='grc' dir='ltr'><strong>οἵῳ</strong></span> <span class='ocrx_word' id='word_1_213' title='bbox 2540 2851 2611 2897; x_wconf 90' lang='grc' dir='ltr'><strong>τε</strong></span> <span class='ocrx_word' id='word_1_214' title='bbox 2644 2826 2813 2906; x_wconf 82' lang='grc' dir='ltr'><strong>ἐόντι,</strong></span> 
     </span>
     <span class='ocr_line' id='line_1_23' title="bbox 570 2940 2817 3044; baseline 0 -28"><span class='ocrx_word' id='word_1_215' title='bbox 570 2948 666 3025; x_wconf 80' lang='grc' dir='ltr'><strong>ὡς</strong></span> <span class='ocrx_word' id='word_1_216' title='bbox 714 2943 873 3017; x_wconf 78' lang='grc' dir='ltr'><strong>οὐδὲ</strong></span> <span class='ocrx_word' id='word_1_217' title='bbox 922 2943 1102 3024; x_wconf 78' lang='grc' dir='ltr'><strong>οἰκὸς</strong></span> <span class='ocrx_word' id='word_1_218' title='bbox 1152 2940 1286 3017; x_wconf 82' lang='grc' dir='ltr'><strong>άπὸ</strong></span> <span class='ocrx_word' id='word_1_219' title='bbox 1335 2946 1562 3041; x_wconf 79' lang='grc' dir='ltr'><strong>χιόνος</strong></span> <span class='ocrx_word' id='word_1_220' title='bbox 1618 2968 1727 3038; x_wconf 90' lang='grc' dir='ltr'><strong>μιν</strong></span> <span class='ocrx_word' id='word_1_221' title='bbox 1777 2945 1947 3044; x_wconf 88' lang='grc' dir='ltr'><strong>ῥέειν</strong></span> <span class='ocrx_word' id='word_1_222' title='bbox 1971 3004 1986 3029; x_wconf 96' lang='grc'><strong>,</strong></span> <span class='ocrx_word' id='word_1_223' title='bbox 2056 2952 2327 3044; x_wconf 82' lang='grc' dir='ltr'><strong>πρῶτον</strong></span> <span class='ocrx_word' id='word_1_224' title='bbox 2392 2945 2514 3039; x_wconf 78' lang='grc' dir='ltr'><strong>μὲν</strong></span> <span class='ocrx_word' id='word_1_225' title='bbox 2569 2948 2673 3018; x_wconf 85' lang='grc' dir='ltr'><strong>καὶ</strong></span> <span class='ocrx_word' id='word_1_226' title='bbox 2712 2944 2817 3039; x_wconf 84' lang='grc' dir='ltr'><strong>μέ-</strong></span> 
     </span>
     <span class='ocr_line' id='line_1_24' title="bbox 568 3060 2815 3165; baseline -0 -29"><span class='ocrx_word' id='word_1_227' title='bbox 568 3090 792 3161; x_wconf 89' lang='grc' dir='ltr'><strong>γιστον</strong></span> <span class='ocrx_word' id='word_1_228' title='bbox 844 3065 1205 3163; x_wconf 90' lang='grc' dir='ltr'><strong>μαρτύριον</strong></span> <span class='ocrx_word' id='word_1_229' title='bbox 1270 3065 1332 3136; x_wconf 76' lang='grc' dir='ltr'><strong>οἰ</strong></span> <span class='ocrx_word' id='word_1_230' title='bbox 1384 3060 1621 3158; x_wconf 80' lang='grc' dir='ltr'><strong>ἄνεμοι</strong></span> <span class='ocrx_word' id='word_1_231' title='bbox 1684 3064 2096 3165; x_wconf 85' lang='grc' dir='ltr'><strong>παρέχονται</strong></span> <span class='ocrx_word' id='word_1_232' title='bbox 2153 3063 2467 3147; x_wconf 86' lang='grc' dir='ltr'><strong>πνέοντες</strong></span> <span class='ocrx_word' id='word_1_233' title='bbox 2521 3063 2649 3138; x_wconf 81' lang='grc' dir='ltr'><strong>ἀπὸ</strong></span> <span class='ocrx_word' id='word_1_234' title='bbox 2698 3071 2815 3135; x_wconf 81' lang='grc' dir='ltr'><strong>τῶν</strong></span> 
     </span>
    </p>
   </div>
   <div class='ocr_carea' id='block_1_3' title="bbox 567 3182 2813 3288">
    <p class='ocr_par' dir='ltr' id='par_1_3' title="bbox 567 3182 2813 3288">
     <span class='ocr_line' id='line_1_25' title="bbox 567 3182 2813 3288; baseline 0.001 -31"><span class='ocrx_word' id='word_1_235' title='bbox 567 3185 854 3285; x_wconf 88' lang='grc' dir='ltr'><strong>χωρέων</strong></span> <span class='ocrx_word' id='word_1_236' title='bbox 889 3185 1180 3258; x_wconf 90' lang='grc' dir='ltr'><strong>τουτέων</strong></span> <span class='ocrx_word' id='word_1_237' title='bbox 1219 3183 1494 3284; x_wconf 77' lang='grc' dir='ltr'><strong>θερμοί·</strong></span> <span class='ocrx_word' id='word_1_238' title='bbox 1553 3184 1861 3283; x_wconf 85' lang='grc' dir='ltr'><strong>δεύτερον</strong></span> <span class='ocrx_word' id='word_1_239' title='bbox 1913 3182 1987 3256; x_wconf 79' lang='grc' dir='ltr'><strong>δὲ</strong></span> <span class='ocrx_word' id='word_1_240' title='bbox 2035 3184 2139 3258; x_wconf 81' lang='grc' dir='ltr'><strong>ὅτι</strong></span> <span class='ocrx_word' id='word_1_241' title='bbox 2187 3183 2525 3288; x_wconf 80' lang='grc' dir='ltr'><strong>ἄνομβρος</strong></span> <span class='ocrx_word' id='word_1_242' title='bbox 2558 3188 2604 3287; x_wconf 79' lang='grc' dir='ltr'>ἡ</span> <span class='ocrx_word' id='word_1_243' title='bbox 2636 3188 2813 3286; x_wconf 78' lang='grc' dir='ltr'><strong>χώρη</strong></span> 
     </span>
    </p>
   </div>
   <div class='ocr_carea' id='block_1_4' title="bbox 879 3382 2366 3497">
    <p class='ocr_par' dir='ltr' id='par_1_4' title="bbox 879 3382 2366 3497">
     <span class='ocr_line' id='line_1_26' title="bbox 879 3382 2366 3497; baseline 0.001 -20"><span class='ocrx_word' id='word_1_244' title='bbox 879 3422 1107 3497; x_wconf 79' lang='grc' dir='ltr'><strong>περὶτοῦ</strong></span> <span class='ocrx_word' id='word_1_245' title='bbox 1131 3419 1321 3477; x_wconf 80' lang='grc' dir='ltr'><strong>Νείλου</strong></span> <span class='ocrx_word' id='word_1_246' title='bbox 1343 3382 1433 3478; x_wconf 56' lang='grc' dir='ltr'><strong>καὶ</strong></span> <span class='ocrx_word' id='word_1_247' title='bbox 1454 3429 1552 3494; x_wconf 86' lang='grc' dir='ltr'><strong>τῆς</strong></span> <span class='ocrx_word' id='word_1_248' title='bbox 1575 3422 1870 3495; x_wconf 81' lang='grc' dir='ltr'><strong>ἀναβάσεως</strong></span> <span class='ocrx_word' id='word_1_249' title='bbox 1894 3424 2050 3478; x_wconf 79' lang='grc' dir='ltr'><strong>αὐτοῦ</strong></span> <span class='ocrx_word' id='word_1_250' title='bbox 2074 3423 2164 3478; x_wconf 77' lang='grc' dir='ltr'><strong>καὶ</strong></span> <span class='ocrx_word' id='word_1_251' title='bbox 2188 3432 2366 3497; x_wconf 73' lang='grc' dir='ltr'><strong>πηγῶν</strong></span> 
     </span>
    </p>
   </div>
   <div class='ocr_carea' id='block_1_5' title="bbox 1019 3567 1187 3575">
    <p class='ocr_par' dir='ltr' id='par_1_5' title="bbox 1019 3567 1187 3575">
     <span class='ocr_line' id='line_1_27' title="bbox 1019 3567 1187 3575; baseline 0 0"><span class='ocrx_word' id='word_1_252' title='bbox 1019 3567 1187 3575; x_wconf 95' lang='lat' dir='ltr'><strong> </strong></span> 
     </span>
    </p>
   </div>
   <div class='ocr_carea' id='block_1_6' title="bbox 780 3645 1076 3711">
    <p class='ocr_par' dir='ltr' id='par_1_6' title="bbox 780 3645 1076 3711">
     <span class='ocr_line' id='line_1_28' title="bbox 780 3645 1076 3711; baseline 0 -11"><span class='ocrx_word' id='word_1_253' title='bbox 780 3650 858 3700; x_wconf 81' lang='grc'><strong>16.</strong></span> <span class='ocrx_word' id='word_1_254' title='bbox 900 3645 1076 3711; x_wconf 73' lang='grc' dir='ltr'><strong>Λίξεις</strong></span> 
     </span>
    </p>
   </div>
   <div class='ocr_carea' id='block_1_7' title="bbox 564 3800 2818 4482">
    <p class='ocr_par' dir='ltr' id='par_1_7' title="bbox 564 3800 2818 4231">
     <span class='ocr_line' id='line_1_29' title="bbox 674 3800 2817 3877; baseline 0.002 -20"><span class='ocrx_word' id='word_1_255' title='bbox 674 3807 722 3858; x_wconf 89' lang='grc'><strong>1.</strong></span> <span class='ocrx_word' id='word_1_256' title='bbox 761 3803 947 3858; x_wconf 85' lang='grc' dir='ltr'><strong>τούτου</strong></span> <span class='ocrx_word' id='word_1_257' title='bbox 972 3820 1080 3858; x_wconf 89' lang='lat' dir='ltr'><strong>om.</strong></span> <span class='ocrx_word' id='word_1_258' title='bbox 1110 3804 1168 3857; x_wconf 82' lang='lat' dir='ltr'><em>R</em></span> <span class='ocrx_word' id='word_1_259' title='bbox 1237 3805 1260 3869; x_wconf 80' lang='grc' dir='ltr'><strong>ΙΙ</strong></span> <span class='ocrx_word' id='word_1_260' title='bbox 1331 3806 1454 3870; x_wconf 78' lang='grc' dir='ltr'><strong>τῶν]</strong></span> <span class='ocrx_word' id='word_1_261' title='bbox 1481 3804 1744 3860; x_wconf 73' lang='grc' dir='ltr'><strong>τουτέωνΡ</strong></span> <span class='ocrx_word' id='word_1_262' title='bbox 1824 3809 1847 3873; x_wconf 86' lang='grc' dir='ltr'><strong>ΙΙ</strong></span> <span class='ocrx_word' id='word_1_263' title='bbox 1925 3808 1973 3858; x_wconf 93' lang='grc'><strong>2.</strong></span> <span class='ocrx_word' id='word_1_264' title='bbox 2017 3800 2139 3873; x_wconf 78' lang='grc' dir='ltr'><strong>οὐδ’]</strong></span> <span class='ocrx_word' id='word_1_265' title='bbox 2169 3806 2265 3861; x_wconf 76' lang='grc' dir='ltr'><strong>ούκ</strong></span> <span class='ocrx_word' id='word_1_266' title='bbox 2286 3809 2452 3864; x_wconf 73' lang='lat' dir='ltr'><strong>ABG</strong></span> <span class='ocrx_word' id='word_1_267' title='bbox 2537 3812 2561 3876; x_wconf 84' lang='grc' dir='ltr'><strong>ΙΙ</strong></span> <span class='ocrx_word' id='word_1_268' title='bbox 2652 3811 2698 3861; x_wconf 85' lang='grc'><strong>3.</strong></span> <span class='ocrx_word' id='word_1_269' title='bbox 2737 3806 2817 3877; x_wconf 81' lang='grc' dir='ltr'><strong>μό-</strong></span> 
     </span>
     <span class='ocr_line' id='line_1_30' title="bbox 564 3868 2818 3943; baseline 0.003 -20"><span class='ocrx_word' id='word_1_270' title='bbox 564 3894 650 3928; x_wconf 80' lang='grc' dir='ltr'><strong>νον</strong></span> <span class='ocrx_word' id='word_1_271' title='bbox 681 3875 732 3929; x_wconf 82' lang='lat' dir='ltr'><strong>C&#39;</strong></span> <span class='ocrx_word' id='word_1_272' title='bbox 820 3876 843 3940; x_wconf 74' lang='grc' dir='ltr'><strong>ΙΙ</strong></span> <span class='ocrx_word' id='word_1_273' title='bbox 951 3875 999 3927; x_wconf 89' lang='grc'><strong>8.</strong></span> <span class='ocrx_word' id='word_1_274' title='bbox 1038 3879 1157 3943; x_wconf 80' lang='grc' dir='ltr'><strong>τῆσι</strong></span> <span class='ocrx_word' id='word_1_275' title='bbox 1185 3872 1235 3927; x_wconf 83' lang='lat' dir='ltr'><em>C</em></span> <span class='ocrx_word' id='word_1_276' title='bbox 1316 3875 1339 3939; x_wconf 86' lang='grc' dir='ltr'><strong>ΙΙ</strong></span> <span class='ocrx_word' id='word_1_277' title='bbox 1430 3874 1564 3927; x_wconf 73' lang='grc' dir='ltr'><strong>κατὰ</strong></span> <span class='ocrx_word' id='word_1_278' title='bbox 1583 3875 1743 3928; x_wconf 71' lang='grc' dir='ltr'><strong>ταύτὰ</strong></span> <span class='ocrx_word' id='word_1_279' title='bbox 1769 3877 1900 3941; x_wconf 76' lang='lat' dir='ltr'><strong>sz,</strong></span> <span class='ocrx_word' id='word_1_280' title='bbox 1927 3868 2030 3930; x_wconf 59' lang='lat' dir='ltr'><strong>aas?</strong></span> <span class='ocrx_word' id='word_1_281' title='bbox 2052 3875 2180 3930; x_wconf 79' lang='grc' dir='ltr'><strong>ἀύτά</strong></span> <span class='ocrx_word' id='word_1_282' title='bbox 2206 3877 2265 3931; x_wconf 83' lang='lat' dir='ltr'><em>R</em></span> <span class='ocrx_word' id='word_1_283' title='bbox 2361 3878 2384 3943; x_wconf 81' lang='grc' dir='ltr'><strong>ΙΙ</strong></span> <span class='ocrx_word' id='word_1_284' title='bbox 2495 3879 2574 3932; x_wconf 90' lang='grc'><strong>11.</strong></span> <span class='ocrx_word' id='word_1_285' title='bbox 2612 3884 2818 3932; x_wconf 70' lang='grc' dir='ltr'><strong>τοιοῦτον</strong></span> 
     </span>
     <span class='ocr_line' id='line_1_31' title="bbox 567 3938 2818 4018; baseline -0.001 -20"><span class='ocrx_word' id='word_1_286' title='bbox 567 3945 689 3998; x_wconf 73' lang='lat' dir='ltr'><strong>Rdz</strong></span> <span class='ocrx_word' id='word_1_287' title='bbox 762 3946 786 4010; x_wconf 73' lang='grc'><strong>11</strong></span> <span class='ocrx_word' id='word_1_288' title='bbox 872 3944 951 3996; x_wconf 86' lang='grc'><strong>12.</strong></span> <span class='ocrx_word' id='word_1_289' title='bbox 991 3941 1431 4016; x_wconf 77' lang='grc' dir='ltr'><strong>ἀνεπιστημοτέρη</strong></span> <span class='ocrx_word' id='word_1_290' title='bbox 1455 3944 1555 3997; x_wconf 71' lang='lat' dir='ltr'><strong>Ra</strong></span> <span class='ocrx_word' id='word_1_291' title='bbox 1631 3946 1654 4010; x_wconf 89' lang='grc' dir='ltr'><strong>ΙΙ</strong></span> <span class='ocrx_word' id='word_1_292' title='bbox 1740 3946 1818 3999; x_wconf 84' lang='grc'><strong>13.</strong></span> <span class='ocrx_word' id='word_1_293' title='bbox 1860 3943 2237 4018; x_wconf 67' lang='grc' dir='ltr'><strong>θωμασιωτέρη</strong></span> <span class='ocrx_word' id='word_1_294' title='bbox 2264 3949 2377 4001; x_wconf 76' lang='grc' dir='ltr'><strong>ΑΒ</strong></span> <span class='ocrx_word' id='word_1_295' title='bbox 2456 3950 2480 4013; x_wconf 75' lang='grc' dir='ltr'><strong>ΙΙ</strong></span> <span class='ocrx_word' id='word_1_296' title='bbox 2569 3951 2647 4002; x_wconf 87' lang='grc'><strong>15.</strong></span> <span class='ocrx_word' id='word_1_297' title='bbox 2682 3948 2760 4000; x_wconf 78' lang='grc' dir='ltr'><strong>τὸν</strong></span> <span class='ocrx_word' id='word_1_298' title='bbox 2781 3938 2818 3995; x_wconf 72' lang='grc' dir='ltr'><strong>δ’</strong></span> 
     </span>
     <span class='ocr_line' id='line_1_32' title="bbox 566 4012 2815 4087; baseline 0.002 -19"><span class='ocrx_word' id='word_1_299' title='bbox 566 4013 738 4068; x_wconf 68' lang='lat' dir='ltr'><em>PRdz</em></span> <span class='ocrx_word' id='word_1_300' title='bbox 798 4014 821 4079; x_wconf 78' lang='grc' dir='ltr'><strong>ΙΙ</strong></span> <span class='ocrx_word' id='word_1_301' title='bbox 879 4030 992 4083; x_wconf 84' lang='grc' dir='ltr'><strong>περι</strong></span> <span class='ocrx_word' id='word_1_302' title='bbox 1017 4016 1090 4077; x_wconf 80' lang='lat' dir='ltr'><strong>A,</strong></span> <span class='ocrx_word' id='word_1_303' title='bbox 1120 4014 1232 4083; x_wconf 85' lang='grc' dir='ltr'><strong>περὶ</strong></span> <span class='ocrx_word' id='word_1_304' title='bbox 1257 4012 1380 4067; x_wconf 73' lang='lat' dir='ltr'><strong>Rdz</strong></span> <span class='ocrx_word' id='word_1_305' title='bbox 1438 4015 1461 4079; x_wconf 84' lang='grc' dir='ltr'><strong>ΙΙ</strong></span> <span class='ocrx_word' id='word_1_306' title='bbox 1524 4014 1603 4066; x_wconf 86' lang='grc'><strong>16.</strong></span> <span class='ocrx_word' id='word_1_307' title='bbox 1647 4013 1853 4068; x_wconf 82' lang='grc' dir='ltr'><strong>πολλῶν</strong></span> <span class='ocrx_word' id='word_1_308' title='bbox 1881 4016 1938 4068; x_wconf 81' lang='lat' dir='ltr'><em>R</em></span> <span class='ocrx_word' id='word_1_309' title='bbox 1996 4018 2019 4082; x_wconf 78' lang='lat' dir='ltr'>n</span> <span class='ocrx_word' id='word_1_310' title='bbox 2082 4017 2161 4068; x_wconf 81' lang='lat'><strong>17.</strong></span> <span class='ocrx_word' id='word_1_311' title='bbox 2201 4014 2332 4087; x_wconf 74' lang='grc' dir='ltr'><strong>αὕτη</strong></span> <span class='ocrx_word' id='word_1_312' title='bbox 2358 4018 2599 4072; x_wconf 82' lang='lat' dir='ltr'><strong>correxi=</strong></span> <span class='ocrx_word' id='word_1_313' title='bbox 2624 4016 2742 4085; x_wconf 78' lang='grc' dir='ltr'><strong>αὐτὴ</strong></span> <span class='ocrx_word' id='word_1_314' title='bbox 2794 4016 2815 4078; x_wconf 87' lang='grc' dir='ltr'>Ι</span> 
     </span>
     <span class='ocr_line' id='line_1_33' title="bbox 571 4081 2813 4157; baseline 0.001 -22"><span class='ocrx_word' id='word_1_315' title='bbox 571 4084 647 4135; x_wconf 86' lang='grc'><strong>19.</strong></span> <span class='ocrx_word' id='word_1_316' title='bbox 689 4091 796 4143; x_wconf 73' lang='grc' dir='ltr'><strong>κῶς</strong></span> <span class='ocrx_word' id='word_1_317' title='bbox 820 4083 908 4147; x_wconf 75' lang='grc' dir='ltr'><strong>ὧν]</strong></span> <span class='ocrx_word' id='word_1_318' title='bbox 937 4081 1091 4135; x_wconf 74' lang='grc' dir='ltr'><strong>κύσον</strong></span> <span class='ocrx_word' id='word_1_319' title='bbox 1115 4083 1212 4136; x_wconf 73' lang='lat' dir='ltr'><strong>Ra</strong></span> <span class='ocrx_word' id='word_1_320' title='bbox 1256 4082 1279 4147; x_wconf 88' lang='grc' dir='ltr'><strong>ΙΙ</strong></span> <span class='ocrx_word' id='word_1_321' title='bbox 1328 4081 1429 4153; x_wconf 74' lang='grc' dir='ltr'><strong>ῥέει</strong></span> <span class='ocrx_word' id='word_1_322' title='bbox 1459 4083 1540 4145; x_wconf 73' lang='lat' dir='ltr'><strong>Ga</strong></span> <span class='ocrx_word' id='word_1_323' title='bbox 1582 4084 1605 4148; x_wconf 73' lang='grc'><strong>11</strong></span> <span class='ocrx_word' id='word_1_324' title='bbox 1666 4084 1747 4136; x_wconf 85' lang='grc'><strong>20.</strong></span> <span class='ocrx_word' id='word_1_325' title='bbox 1792 4083 1922 4155; x_wconf 82' lang='grc' dir='ltr'><strong>ῥέων</strong></span> <span class='ocrx_word' id='word_1_326' title='bbox 1948 4086 2002 4143; x_wconf 82' lang='grc' dir='ltr'><strong>ἐς</strong></span> <span class='ocrx_word' id='word_1_327' title='bbox 2024 4083 2089 4137; x_wconf 76' lang='grc' dir='ltr'><strong>τὰ</strong></span> <span class='ocrx_word' id='word_1_328' title='bbox 2113 4084 2181 4155; x_wconf 88' lang='grc' dir='ltr'><strong>ψυ</strong></span> <span class='ocrx_word' id='word_1_329' title='bbox 2223 4085 2403 4157; x_wconf 80' lang='grc' dir='ltr'><strong>ρύτερα</strong></span> <span class='ocrx_word' id='word_1_330' title='bbox 2422 4085 2489 4139; x_wconf 79' lang='grc' dir='ltr'><strong>τὰ</strong></span> <span class='ocrx_word' id='word_1_331' title='bbox 2513 4086 2678 4140; x_wconf 76' lang='grc' dir='ltr'><strong>πολλά</strong></span> <span class='ocrx_word' id='word_1_332' title='bbox 2699 4085 2813 4146; x_wconf 62' lang='grc' dir='ltr'><strong>ἐσῆς</strong></span> 
     </span>
     <span class='ocr_line' id='line_1_34' title="bbox 564 4103 2814 4231; baseline 0.002 -29"><span class='ocrx_word' id='word_1_333' title='bbox 564 4150 706 4231; x_wconf 56' lang='grc' dir='ltr'><strong>ἀνδρί</strong></span> <span class='ocrx_word' id='word_1_334' title='bbox 729 4169 785 4223; x_wconf 86' lang='grc' dir='ltr'><strong>γε</strong></span> <span class='ocrx_word' id='word_1_335' title='bbox 807 4149 1048 4205; x_wconf 82' lang='lat' dir='ltr'>correxi:</span> <span class='ocrx_word' id='word_1_336' title='bbox 1080 4150 1208 4223; x_wconf 79' lang='grc' dir='ltr'><strong>ῥέων</strong></span> <span class='ocrx_word' id='word_1_337' title='bbox 1234 4150 1288 4210; x_wconf 82' lang='grc' dir='ltr'><strong>ἐς</strong></span> <span class='ocrx_word' id='word_1_338' title='bbox 1310 4152 1376 4204; x_wconf 77' lang='grc' dir='ltr'><strong>τὰ</strong></span> <span class='ocrx_word' id='word_1_339' title='bbox 1398 4151 1508 4225; x_wconf 81' lang='grc' dir='ltr'><strong>ψυχ</strong></span> <span class='ocrx_word' id='word_1_340' title='bbox 1598 4170 1722 4217; x_wconf 83' lang='grc' dir='ltr'><strong>ατα;</strong></span> <span class='ocrx_word' id='word_1_341' title='bbox 1748 4161 1849 4206; x_wconf 81' lang='grc' dir='ltr'><strong>τῶν</strong></span> <span class='ocrx_word' id='word_1_342' title='bbox 1878 4154 1944 4206; x_wconf 81' lang='grc' dir='ltr'><strong>τὰ</strong></span> <span class='ocrx_word' id='word_1_343' title='bbox 1968 4152 2138 4208; x_wconf 80' lang='grc' dir='ltr'><strong>πολλὰ</strong></span> <span class='ocrx_word' id='word_1_344' title='bbox 2161 4103 2266 4208; x_wconf 57' lang='grc' dir='ltr'><strong>ἔξτι</strong></span> <span class='ocrx_word' id='word_1_345' title='bbox 2291 4153 2436 4226; x_wconf 74' lang='grc' dir='ltr'><strong>ἀνδρὶ</strong></span> <span class='ocrx_word' id='word_1_346' title='bbox 2461 4156 2540 4209; x_wconf 62' lang='lat' dir='ltr'><strong>Pz</strong></span> <span class='ocrx_word' id='word_1_347' title='bbox 2572 4155 2679 4220; x_wconf 77' lang='lat' dir='ltr'>(sed</span> <span class='ocrx_word' id='word_1_348' title='bbox 2701 4154 2814 4207; x_wconf 72' lang='lat' dir='ltr'><strong>haee</strong></span> 
     </span>
    </p>

    <p class='ocr_par' dir='ltr' id='par_1_8' title="bbox 564 4219 2815 4482">
     <span class='ocr_line' id='line_1_35' title="bbox 604 4219 2815 4346; baseline 0.005 -75"><span class='ocrx_word' id='word_1_349' title='bbox 604 4219 785 4273; x_wconf 71' lang='lat' dir='ltr'><strong>tndem</strong></span> <span class='ocrx_word' id='word_1_350' title='bbox 809 4220 979 4275; x_wconf 80' lang='grc' dir='ltr'><strong>πολλά</strong></span> <span class='ocrx_word' id='word_1_351' title='bbox 1004 4219 1122 4283; x_wconf 72' lang='grc' dir='ltr'><strong>ἐστι)</strong></span> <span class='ocrx_word' id='word_1_352' title='bbox 1137 4263 1150 4284; x_wconf 87' lang='grc'><strong>,</strong></span> <span class='ocrx_word' id='word_1_353' title='bbox 1189 4220 1242 4280; x_wconf 74' lang='grc' dir='ltr'><strong>ές</strong></span> <span class='ocrx_word' id='word_1_354' title='bbox 1263 4219 1329 4273; x_wconf 76' lang='grc' dir='ltr'><strong>τὰ</strong></span> <span class='ocrx_word' id='word_1_355' title='bbox 1352 4220 1491 4346; x_wconf 51' lang='grc' dir='ltr'><em>Ἥ</em></span> <span class='ocrx_word' id='word_1_356' title='bbox 1552 4220 1829 4345; x_wconf 38' lang='lat' dir='ltr'><strong>maxum</strong></span> <span class='ocrx_word' id='word_1_357' title='bbox 1870 4231 1973 4277; x_wconf 80' lang='grc' dir='ltr'><strong>τῶν</strong></span> <span class='ocrx_word' id='word_1_358' title='bbox 1996 4225 2062 4277; x_wconf 81' lang='grc' dir='ltr'><strong>τὰ</strong></span> <span class='ocrx_word' id='word_1_359' title='bbox 2085 4223 2255 4277; x_wconf 81' lang='grc' dir='ltr'><strong>πολλά</strong></span> <span class='ocrx_word' id='word_1_360' title='bbox 2277 4225 2383 4279; x_wconf 71' lang='grc' dir='ltr'><strong>ἐστι</strong></span> <span class='ocrx_word' id='word_1_361' title='bbox 2407 4223 2552 4297; x_wconf 76' lang='grc' dir='ltr'><strong>ἀνδρὶ</strong></span> <span class='ocrx_word' id='word_1_362' title='bbox 2578 4226 2653 4292; x_wconf 80' lang='lat' dir='ltr'><strong>R,</strong></span> <span class='ocrx_word' id='word_1_363' title='bbox 2687 4224 2735 4282; x_wconf 74' lang='grc' dir='ltr'><strong>ἐς</strong></span> <span class='ocrx_word' id='word_1_364' title='bbox 2761 4221 2815 4274; x_wconf 73' lang='grc' dir='ltr'><strong>τὰ</strong></span> 
     </span>
     <span class='ocr_line' id='line_1_36' title="bbox 673 4289 2815 4366; baseline 0.001 -25"><span class='ocrx_word' id='word_1_365' title='bbox 673 4290 851 4361; x_wconf 81' lang='grc' dir='ltr'><strong>ρότερα</strong></span> <span class='ocrx_word' id='word_1_366' title='bbox 876 4289 1033 4362; x_wconf 76' lang='grc' dir='ltr'><strong>ῥέωνς</strong></span> <span class='ocrx_word' id='word_1_367' title='bbox 1073 4298 1174 4344; x_wconf 80' lang='grc' dir='ltr'><strong>τῶν</strong></span> <span class='ocrx_word' id='word_1_368' title='bbox 1206 4289 1273 4343; x_wconf 80' lang='grc' dir='ltr'><strong>τὸ.</strong></span> <span class='ocrx_word' id='word_1_369' title='bbox 1308 4309 1374 4344; x_wconf 88' lang='grc' dir='ltr'><strong>πο</strong></span> <span class='ocrx_word' id='word_1_370' title='bbox 1512 4291 1618 4345; x_wconf 76' lang='grc' dir='ltr'><strong>ἐστι</strong></span> <span class='ocrx_word' id='word_1_371' title='bbox 1714 4290 1742 4342; x_wconf 80' lang='grc' dir='ltr'><strong>δ</strong></span> <span class='ocrx_word' id='word_1_372' title='bbox 1774 4292 1792 4344; x_wconf 79' lang='grc' dir='ltr'><strong>ὶ</strong></span> <span class='ocrx_word' id='word_1_373' title='bbox 1827 4293 1893 4357; x_wconf 78' lang='lat' dir='ltr'><strong>d,</strong></span> <span class='ocrx_word' id='word_1_374' title='bbox 1936 4292 2109 4346; x_wconf 86' lang='grc' dir='ltr'><strong>τόπων</strong></span> <span class='ocrx_word' id='word_1_375' title='bbox 2133 4292 2611 4366; x_wconf 73' lang='grc' dir='ltr'><strong>έςτὰψυχρότερας</strong></span> <span class='ocrx_word' id='word_1_376' title='bbox 2651 4290 2815 4348; x_wconf 63' lang='lat' dir='ltr'><strong>tin-:i</strong></span> 
     </span>
     <span class='ocr_line' id='line_1_37' title="bbox 564 4305 2814 4482; baseline 0.002 -72"><span class='ocrx_word' id='word_1_377' title='bbox 564 4305 732 4482; x_wconf 53' lang='grc' dir='ltr'><strong>τὲἔὶά</strong></span> <span class='ocrx_word' id='word_1_378' title='bbox 757 4359 862 4411; x_wconf 72' lang='grc' dir='ltr'><strong>ἐστι</strong></span> <span class='ocrx_word' id='word_1_379' title='bbox 881 4358 1025 4431; x_wconf 76' lang='grc' dir='ltr'><strong>ἀνδρί</strong></span> <span class='ocrx_word' id='word_1_380' title='bbox 1048 4377 1104 4430; x_wconf 84' lang='grc' dir='ltr'><strong>γε</strong></span> <span class='ocrx_word' id='word_1_381' title='bbox 1125 4360 1290 4415; x_wconf 70' lang='lat' dir='ltr'><strong>ABG</strong></span> <span class='ocrx_word' id='word_1_382' title='bbox 1343 4362 1366 4426; x_wconf 79' lang='grc'><strong>11</strong></span> <span class='ocrx_word' id='word_1_383' title='bbox 1423 4363 1510 4415; x_wconf 84' lang='grc'><strong>22.</strong></span> <span class='ocrx_word' id='word_1_384' title='bbox 1553 4358 1699 4413; x_wconf 78' lang='grc' dir='ltr'><strong>οὐδὲν</strong></span> <span class='ocrx_word' id='word_1_385' title='bbox 1731 4309 1778 4415; x_wconf 56' lang='grc' dir='ltr'><em>ὃ</em></span> <span class='ocrx_word' id='word_1_386' title='bbox 1827 4363 1850 4427; x_wconf 85' lang='grc' dir='ltr'><strong>ΙΙ</strong></span> <span class='ocrx_word' id='word_1_387' title='bbox 1909 4361 2050 4424; x_wconf 73' lang='grc' dir='ltr'><strong>οἰκὸς</strong></span> <span class='ocrx_word' id='word_1_388' title='bbox 2076 4363 2213 4418; x_wconf 80' lang='lat' dir='ltr'><strong>PR:</strong></span> <span class='ocrx_word' id='word_1_389' title='bbox 2242 4363 2380 4423; x_wconf 75' lang='grc' dir='ltr'><strong>εἰκὸς</strong></span> <span class='ocrx_word' id='word_1_390' title='bbox 2425 4365 2449 4429; x_wconf 81' lang='grc' dir='ltr'><strong>ΙΙ</strong></span> <span class='ocrx_word' id='word_1_391' title='bbox 2513 4367 2596 4417; x_wconf 79' lang='grc'><strong>24.</strong></span> <span class='ocrx_word' id='word_1_392' title='bbox 2635 4360 2814 4439; x_wconf 72' lang='grc' dir='ltr'><strong>χωρίων</strong></span> 
     </span>
    </p>
   </div>
   <div class='ocr_carea' id='block_1_8' title="bbox 2902 0 2986 5001">
    <p class='ocr_par' dir='ltr' id='par_1_9' title="bbox 2902 0 2986 5001">
     <span class='ocr_line' id='line_1_38' title="bbox 2902 0 2986 5001; baseline 0 0"><span class='ocrx_word' id='word_1_393' title='bbox 2902 0 2986 5001; x_wconf 95' lang='lat' dir='ltr'><strong> </strong></span> 
     </span>
    </p>
   </div>
  </div>
 </body>
</html>
