3059 5125
1185 364 1475 419 Praefatio.
2260 385 2474 429 xxxlx

207 540 622 640 φθείρεσθαι]
676 540 1116 639 διαφθείρειν,
1177 535 1236 612 Α
1291 541 1387 613 35
1443 541 1512 613 ἐν
1563 540 1923 640 ἡμετέρου]
1976 541 2045 613 ἐν
2096 540 2473 639 ἡμετέροις,

209 667 258 739 Γ
295 671 383 741 14
438 671 597 750 τούς
632 695 706 742 τε
748 712 835 722 -—
880 669 1300 765 δεδεμένους]
1347 671 1503 750 τοὺς
1557 667 1632 741 δὲ
1679 711 1779 721 -
1829 668 2224 764 δεδεμένους
2282 671 2471 768 ἦγον,

213 799 343 870 117
383 800 456 879 ἐς
491 804 690 870 τοῦτο
727 798 1091 897 φερούσας]
1142 798 1212 880 ’ἐς
1259 800 1538 879 τούτους
1573 800 1985 897 φορεούσας,
2042 796 2097 870 Δ
2136 799 2231 872 33
2270 799 2472 896 ἐχού-

201 926 340 1022 σας]
375 927 695 1009 θυούσας,
753 922 812 997 Ε
857 928 990 999 111
1039 924 1374 1022 ἵστασθαι]
1411 923 1949 1010 ἀντιτάσσεσθαι,
2013 923 2063 997 Θ
2113 928 2253 1001 112
2304 931 2475 1000 τοῖσι

200 1057 300 1126 καὶ
333 1058 505 1155 πρὸς
543 1054 853 1155 βασιλέα]
902 1055 1158 1153 λόγοισι
1209 1057 1384 1128 τοῖσι
1429 1058 1537 1127 καὶ
1584 1057 1755 1154 πρὸς
1796 1042 2161 1154 Ἀνδρίους.
2252 1067 2474 1150 atque

195 1184 270 1255 in
318 1186 436 1255 his
486 1209 841 1279 expressa
889 1194 1152 1258 extant
1214 1185 1526 1279 vestigia
1575 1184 2078 1270 correctionis,
2146 1211 2333 1279 quae
2393 1188 2474 1258 in

196 1313 352 1385 aliis
388 1314 597 1386 haud
633 1315 890 1408 paucis
925 1338 1231 1387 numero
1267 1314 1708 1409 suspicionis
1749 1312 1919 1408 plus
1958 1337 2179 1408 quam
2216 1315 2473 1388 indicii

193 1455 264 1515 et
297 1443 721 1540 argumenti
756 1444 1018 1516 habet:
1058 1443 1248 1516 illud
1284 1452 1476 1517 certe
1515 1443 1816 1537 quidem
1853 1454 2160 1531 constat,
2193 1446 2471 1539 ubique

193 1596 342 1644 esse
392 1573 745 1645 cautione
796 1597 979 1667 opus
1029 1573 1449 1667 iudicioque
1504 1572 1824 1645 multum
1872 1582 1948 1646 et
1985 1574 2355 1647 subtiliter
2390 1576 2466 1647 in

192 1702 612 1797 cognitione
689 1726 775 1773 ac
847 1698 1343 1774 familiaritate
1418 1703 1647 1775 huius
1725 1703 2096 1796 scriptoris
2158 1714 2465 1779 versato.

192 1834 378 1925 quod
423 1833 487 1903 si
529 1841 912 1926 praeterea
944 1841 1336 1904 occurrunt
1373 1856 1564 1926 quae
1614 1834 1707 1904 ad
1750 1856 2045 1906 sensum
2082 1834 2470 1906 sermonis-

192 1985 324 2054 que
359 1962 516 2034 sive
557 1960 1002 2055 elegantiam
1038 1962 1190 2033 sive
1228 1962 1713 2034 constantiam
1762 1962 1871 2034 nil
1916 1986 2207 2057 prorsus
2244 1964 2470 2036 inter-

189 2114 334 2162 esse
369 2090 714 2163 videatur
748 2100 986 2162 utram
1022 2091 1103 2162 in
1139 2099 1423 2185 partem
1459 2091 1836 2175 diiudiceS,
1877 2093 1958 2165 in
1995 2093 2115 2164 his
2148 2094 2470 2167 maxime

190 2218 700 2292 collocationes
728 2221 1140 2306 verborum,
1169 2220 1580 2316 Archetypi
1615 2223 2041 2294 memoriam
2078 2247 2164 2294 eo
2199 2247 2467 2317 genere

191 2348 510 2420 codicum
547 2347 849 2421 fidelius
897 2349 1430 2443 repraesentari
1468 2351 1986 2424 arbitrabimur
2005 2405 2024 2438 ,
2080 2354 2275 2446 quod
2307 2353 2467 2425 lon-

190 2478 344 2572 gius
378 2481 474 2549 ab
511 2478 1110 2574 interpolationis
1147 2480 1563 2574 suspicione
1600 2482 1852 2553 abesse
1891 2482 2310 2554 viderimus.

379 2609 494 2682 Eo
531 2609 736 2682 enim
774 2633 1134 2682 summam
1171 2611 1412 2683 omnis
1463 2610 1690 2683 huius
1742 2612 1833 2684 de
1881 2612 2293 2685 rationibus
2345 2640 2465 2685 co—

189 2738 421 2810 dicum
503 2739 962 2833 quaestionis
1043 2748 1370 2833 spectare
1435 2740 1836 2823 voluimus,
1904 2750 1989 2814 ut
2050 2741 2462 2839 Archetypi

188 2868 412 2960 ipsius
450 2892 682 2962 quam
716 2868 943 2941 etiam
978 2893 1180 2941 nunc
1212 2869 1374 2942 fieri
1409 2880 1658 2963 posset
1693 2869 2243 2965 integerrimum
2276 2874 2462 2945 reci-

189 3020 602 3089 peraremus
637 2997 1083 3092 exemplum.
1177 2997 1386 3070 cuius
1437 3000 1663 3070 etiam
1713 3007 2093 3073 externam
2142 3003 2461 3096 speciem

189 3134 396 3220 atque
434 3151 734 3199 omnem
770 3127 1336 3222 descriptionem
1385 3127 1848 3222 aliquatenus
1900 3137 2093 3202 certe
2143 3156 2239 3203 ex
2283 3157 2461 3226 apo-

188 3256 626 3350 graphorum
663 3242 1016 3329 varietate
1051 3256 1528 3351 probabiliter
1577 3282 1713 3330 nec
1762 3258 2128 3332 inutiliter
2175 3262 2459 3335 recolli-

188 3408 448 3477 gemuS.
558 3394 638 3458 et
700 3386 926 3458 totius
987 3388 1226 3480 operis
1277 3387 1664 3482 inscriptio
1707 3413 1801 3461 ne
1852 3390 1933 3460 111
1983 3389 2112 3462 1Πο
2162 3391 2458 3484 quidem

191 3513 624 3608 superfuisse
683 3515 972 3587 videtur
989 3570 1007 3601 ‚
1081 3516 1143 3587 si
1209 3518 1425 3589 modo
1500 3515 1657 3589 ulla
1729 3542 2057 3614 unquam
2115 3518 2260 3594 fuit
2319 3547 2457 3595 nec

191 3645 420 3734 potius
457 3669 631 3716 cum
668 3645 1238 3740 praescriptione
1274 3646 1730 3742 singulorum
1765 3646 2119 3722 librorum
2157 3650 2459 3724 confusa

191 3771 376 3845 hunc
424 3774 504 3845 in
555 3775 895 3846 modum:
984 3771 1457 3847 ΗΡΟΔΟΤΟΥ
1513 3773 1933 3849 ΙΣΤΟΡΙΩΝ
1991 3774 2073 3851 Α.
2143 3775 2449 3865 ΚΛΕΙΩ,

191 3910 260 3973 01
311 3903 890 3998 81111801111110110;’
962 3899 1438 3976 ΗΡΟΔΟΤΟΥ
1499 3902 1919 3978 ΙΣΤΟΡΙΩΝ
1982 3902 2063 3979 Α.
2129 3934 2303 3982 118111
2365 3914 2454 3984 (10

193 4029 338 4121 ipso
372 4033 592 4104 titulo
627 4032 1124 4106 Historiarum
1159 4058 1310 4106 non
1347 4036 1661 4109 debebat
1710 4046 1881 4131 post
1928 4046 2041 4109 tot
2075 4049 2453 4112 auctorum

195 4160 630 4250 testimonia,
697 4187 888 4261 quae
951 4161 1306 4259 collegere
1357 4164 2011 4261 Schweighaeuser
2075 4193 2158 4239 ac
2208 4169 2453 4243 Baehr

195 4286 527 4386 pleraque
548 4347 567 4378 ‚
658 4316 810 4363 non
885 4293 1135 4369 omnia
1152 4349 1170 4379 ‚
1260 4295 1658 4390 quicquam
1730 4320 1887 4369 esse
1949 4298 2445 4372 dubitationis,

198 4440 620 4516 quamquam
649 4447 889 4516 nuper
916 4423 1306 4494 admodum
1333 4421 1497 4507 fuit,
1520 4425 1672 4518 qui,
1692 4434 1936 4519 spreta
1966 4435 2041 4499 01
2067 4439 2449 4502 auctorum

198 4557 266 4618 et
295 4550 614 4624 codicum
649 4551 1082 4625 auctoritate
1118 4553 1492 4649 nimiaque
1529 4555 1645 4627 sui
1670 4554 1948 4653 ingenii
1974 4558 2446 4673 admiratione
