3059 5125
553 374 777 418 xxvm
1547 349 1836 404 Praefatio.

555 530 870 602 alicuius
906 529 1230 601 hominis
1267 526 1615 599 consilio:
1686 527 1842 621 qui,
1897 525 2295 619 amputatis
2346 545 2846 618 quaecunque

555 662 800 732 minus
851 659 1262 731 necessaria
1309 681 1749 750 cursumque
1801 655 2239 728 narrationis
2283 678 2489 725 mora
2519 650 2845 723 molesta

553 790 906 862 nimirum
990 790 1354 861 retardare
1426 787 1849 859 viderentur
1931 785 2024 880 (A
2100 786 2219 856 45.
2300 785 2623 858 46—52.
2716 788 2840 858 54.

558 920 883 992 56-68.
943 919 1267 990 73—75.
1328 916 1653 989 77-79,
1712 916 1831 989 92.
1889 915 2010 986 93.
2068 915 2188 985 94.
2245 916 2625 989 96-100,
2692 917 2842 989 103

556 1049 828 1121 -106.
906 1046 1328 1119 131-133,
1406 1044 1829 1117 135-139,
1903 1044 2327 1116 140-177,
2403 1045 2845 1138 181—183)

552 1186 682 1249 aut
730 1177 955 1250 etiam
1006 1201 1265 1271 parum
1317 1175 1730 1248 verecunda
1778 1173 2333 1267 legentiumque
2385 1198 2625 1247 mores
2676 1199 2846 1246 cor-

549 1316 859 1401 ruptura
887 1305 983 1400 (A
1021 1305 1216 1400 199),
1259 1305 1755 1398 interruptum
1792 1303 2105 1375 subinde
2148 1300 2361 1374 filum
2405 1304 2842 1376 intertextis

555 1437 807 1530 paucis
856 1434 1097 1508 verbis
1145 1457 1442 1529 quoquo
1491 1434 1710 1504 modo
1760 1429 2009 1528 potuit
2054 1432 2459 1527 reparavit:
2526 1434 2715 1506 adeo
2756 1444 2842 1505 ut

551 1589 943 1660 puerorum
988 1587 1160 1635 eum
1209 1564 1446 1657 magis
1496 1562 1899 1656 providisse
1950 1561 2119 1632 usui
2171 1585 2391 1656 quam
2430 1563 2839 1659 quicquam
2930 1572 2935 1575 ’

550 1694 758 1766 aliud
793 1701 1158 1788 spectasse
1195 1702 1474 1788 putem.
1569 1716 1705 1764 nec
1756 1692 1831 1763 id
1877 1692 2255 1786 negotium
2309 1691 2507 1764 ultra
2553 1691 2839 1766 librum

548 1827 622 1895 A
658 1824 1059 1918 producere
1109 1822 1479 1894 sustinuit.
1572 1823 1713 1894 hoc
1751 1845 1921 1894 vero
1959 1821 2267 1894 dubium
2305 1824 2699 1895 admodum
2743 1826 2837 1894 ab

548 1954 804 2026 eodem
839 1951 975 2025 illo
1012 1952 1140 2046 qui
1176 1952 1514 2037 correxit,
1569 1975 1789 2046 quem
1825 1951 1900 2022 R
1937 1949 2255 2046 appello,
2309 1952 2535 2024 etiam
2572 1954 2840 2026 decur-

548 2083 905 2155 tationem
943 2089 1278 2176 coeptam
1315 2106 1408 2152 an
1447 2082 1540 2152 ab
1578 2079 1725 2151 alio
1767 2079 2019 2175 aliquo
2062 2082 2461 2154 credamus.
2553 2092 2630 2155 et
2664 2108 2837 2155 mea

517 2213 694 2284 ,huc
728 2211 961 2307 magis
998 2209 1310 2284 inclinat
1346 2211 1732 2283 sententia.
1824 2209 1957 2283 ille
1993 2211 2194 2283 enim
2246 2221 2328 2284 ut
2380 2235 2556 2285 sane
2600 2213 2837 2285 habet

548 2367 632 2414 ac
666 2365 840 2437 prae
877 2366 952 2414 se
987 2338 1133 2414 fert
1165 2338 1405 2412 multa
1439 2340 1520 2411 in
1556 2340 1859 2413 homine
1905 2340 2163 2413 critico
2194 2342 2834 2436 reprehendenda,

548 2470 1016 2544 immodicam
1040 2468 1431 2543 libidinem
1461 2479 1685 2565 atque
1714 2479 1994 2542 aestum
2027 2473 2395 2566 quendam
2420 2468 2832 2544 ferventem

549 2602 870 2674 novandi
935 2624 1368 2695 semperque
1440 2598 1730 2695 aliquid
1807 2611 2095 2694 praeter
2172 2602 2392 2674 fidem
2463 2604 2834 2674 membra-

496 2780 499 2784 ι
546 2755 808 2803 narum
858 2729 1235 2817 moliendi,
1287 2752 1585 2802 suorum
1635 2730 2105 2802 inventorum
2156 2731 2533 2826 ingentem
2594 2732 2835 2803 admi-

428 2942 434 2949 ,
544 2861 929 2947 rationem,
966 2860 1353 2933 vetustatis
1389 2868 1640 2932 autem
1679 2860 2249 2947 irreverentiam,
2286 2884 2425 2933 nec
2458 2870 2707 2933 tamen
2746 2862 2827 2933 in

545 2992 709 3085 ipso
759 2990 1100 3062 mutandi
1153 3013 1372 3085 opere
1423 2989 1600 3061 satis
1653 2989 1944 3062 consilii
2011 2991 2647 3085 constantiaeque:
2722 2992 2832 3063 ita

544 3120 883 3193 acumine
933 3119 1218 3215 ingenii
1254 3118 1476 3213 plane
1513 3119 1786 3193 eximio
1834 3115 2343 3213 indefessaque
2392 3121 2664 3193 mentis
2712 3121 2831 3192 in-

546 3250 879 3322 tentione
943 3248 1314 3344 permulta
1362 3250 1644 3344 primus
1707 3257 1837 3321 aut
1886 3247 2085 3320 solus
2136 3249 2216 3321 in
2267 3249 2628 3344 scriptura
2680 3261 2829 3323 tra·-

545 3377 799 3451 laticia
848 3388 923 3452 et
973 3378 1355 3474 perspexit
1415 3376 1714 3451 foedata
1761 3386 2107 3472 corrupta
2156 3377 2397 3451 lacera
2442 3388 2520 3452 et
2568 3377 2828 3453 refecit

545 3516 820 3581 eventu
869 3508 1071 3580 haud
1121 3530 1282 3579 raro
1327 3505 1557 3580 felici.
1665 3509 1804 3595 sic,
1858 3516 1943 3580 ut
1991 3506 2277 3602 aliquot
2327 3509 2485 3581 eius
2534 3511 2826 3604 generis

544 3636 889 3732 exempla
935 3637 1245 3733 carptim
1297 3660 1736 3732 proponam,
1804 3628 1861 3708 A
1903 3638 1947 3709 9
1999 3661 2130 3732 pro
2177 3637 2488 3735 ἐσόψεται
2533 3640 2826 3734 scripsit

543 3792 620 3840 σε
698 3765 964 3864 ὄψεται,
1059 3769 1180 3840 cui
1255 3766 1477 3839 fidem
1550 3767 1804 3840 asserit
1872 3766 2215 3865 Dionysii
2295 3768 2823 3858 testimonium,

545 3897 640 3968 88
678 3894 933 3993 χρόνῳ]
969 3900 1133 3996 χρή,
1193 3897 1333 3970 126
1374 3905 1497 3997 τῆς
1531 3896 1795 3995 χώρης]
1846 3921 1943 3978 τις
1991 3903 2238 3997 χῶρος.
2332 3896 2394 3971 Β
2437 3900 2522 3970 1-1
2583 3898 2823 3972 πλοίου

542 4021 944 4124 ἀρξαμένου]
987 4024 1198 4097 πλόου
1235 4022 1618 4125 ἀρξαμένῳ,
1688 4026 1777 4097 15
1818 4023 2066 4122 αὐτῶν]
2105 4025 2353 4126 αὐτην,
2423 4029 2563 4100 124
2603 4027 2821 4126 ἄλλῳ]

543 4153 715 4249 λαῷ,
785 4155 930 4227 175
978 4153 1512 4253 καταχθόμενον]
1570 4156 1679 4225 καὶ
1727 4152 2134 4251 ἀχθόμενον.
2229 4155 2283 4228 Γ
2322 4158 2419 4230 20
2458 4158 2593 4255 καὶ]
2629 4185 2815 4257 φασι,

543 4283 631 4355 31
675 4281 875 4378 τοῖσι]
911 4287 1084 4355 τοῖσι
1123 4280 1449 4381 Πέρσῃσι,
1497 4284 1591 4355 54
1633 4282 2090 4385 ὑπερέβησαν]
2128 4284 2495 4387 ἐπέβησαν,
2552 4289 2647 4362 59
2687 4288 2818 4363 Θυ-

541 4409 724 4509 ρέαν]
750 4399 1064 4512 ‘raptam
1108 4414 1198 4485 61
1244 4436 1315 4483 τε
1352 4411 1555 4510 ἦσαν]
1592 4414 1849 4511 εἴησαν,
1898 4410 1953 4485 Γ
1983 4415 2102 4488 so.
2147 4413 2210 4487 H
2242 4417 2337 4488 22
2369 4416 2578 4514 ἐντός]
2608 4418 2813 4501 ἐκτός,
2874 4386 2879 4391 ’

539 4537 592 4612 Γ
622 4541 709 4612 91
751 4536 1098 4639 Κυρήνης]
1129 4542 1237 4612 καὶ
1267 4536 1615 4640 Κυρήνης,
1655 4543 1796 4616 116
1826 4541 2020 4642 ὑπὲρ]
2052 4543 2234 4628 ὖπὲκ,
2278 4546 2417 4618 117
2444 4549 2817 4648 πανταχοῦ]
