3059 5125
1115 335 1513 396 -B—
2344 332 2464 396 143

184 514 285 582 νοί
314 511 460 585 εἰσι.
544 508 692 583 ὅσοι
731 506 852 604 μὲν
907 506 1035 610 γὰρ
1091 510 1452 608 γεωπεῖναί
1501 510 1632 583 εἰσι
1688 505 2092 606 ἀνθρώπων,
2152 504 2464 605 ὀργυιῇσι

188 634 645 730 μεμετρήκασι
679 632 802 728 τὴν
838 633 1097 729 χώρην,
1137 629 1287 703 ὅσοι
1320 628 1393 703 δὲ
1422 631 1639 730 ἧσσον
1687 632 2062 726 γεωπεῖναι,
2098 624 2458 724 ζσταδίοισι,

185 749 245 821 οἳ
294 747 367 822 δὲ
415 748 683 848 πολλὴν
743 748 1015 847 ἔχουσι,
1085 749 1598 849 παρασάγγῃσι,
1673 748 1739 821 οἳ
1794 747 1868 821 δὲ
1923 746 2222 846 ἄφθονον
2279 746 2459 845 λίην,

184 873 522 966 σχοίνοισι.
619 869 892 942 δύναται
930 867 1006 940 δὲ
1041 871 1076 940 ὁ
1112 871 1564 969 παρασάγγης
1597 872 1955 969 τριήκοντα
1995 865 2254 948 στάδια,
2313 865 2348 937 ὁ
2388 863 2464 937 δὲ

123 1008 152 1057 5
184 993 448 1086 σχοῖνος
499 986 813 1070 ἕκαστος,
889 987 1133 1089 μέτρον
1185 990 1296 1062 ἐὸν
1358 986 1754 1087 Αἰγύπτιον,
1817 987 2144 1085 ἑξήκοντα
2199 986 2459 1060 στάδια.

183 1108 349 1180 οὕτω
388 1105 470 1180 ἂν
509 1110 747 1208 εἴησαν
790 1106 1132 1206 Αἰγύπτου
1170 1110 1427 1182 στάδιοι
1478 1108 1808 1190 ἑξακόσιοι
1846 1110 1954 1179 καὶ
1990 1105 2351 1207 τρισχίλιοι
2385 1107 2463 1177 τὸ

182 1230 356 1330 παρὰ
389 1229 768 1302 θάλασσαν.
857 1228 1163 1302 ἐνθεῦτεν
1222 1227 1343 1323 μὲν
1405 1231 1515 1301 καὶ
1568 1228 1770 1328 μέχρι
1807 1223 2055 1299 ςΗλίου
2102 1226 2342 1307 πόλιος
2391 1224 2465 1306 ἐς
2489 1234 2525 1295 7

183 1353 296 1448 τὴν
351 1351 721 1448 μεσόγαιαν
775 1347 918 1422 ἐστὶ
968 1348 1171 1447 εὐρέα
1225 1344 1580 1446 Αἴγυπτος,
1643 1348 1850 1421 ἐοῦσα
1896 1350 2087 1419 πᾶσα
2138 1346 2338 1445 ὑπτίη
2391 1371 2464 1417 τε

184 1471 283 1541 καὶ
318 1468 596 1568 ἔνυδρος
632 1471 740 1540 καὶ
790 1467 951 1548 ἰλύς.
1056 1466 1197 1542 ἔστι
1237 1466 1312 1540 δὲ
1350 1469 1504 1549 ὁδὸς
1540 1468 1612 1550 ές
1635 1456 1886 1540 εΗλίου
1922 1467 2118 1539 πόλιν
2159 1462 2294 1538 α’πὸ
2331 1464 2463 1537 θα-

104 1605 154 1656 ιο
185 1589 438 1687 λάσσης
477 1587 624 1660 ἄνω
664 1589 827 1659 ἰόντι
860 1586 1308 1686 παραπλησίη
1353 1591 1430 1660 τὸ
1468 1597 1687 1690 μῆκος
1721 1590 1808 1688 τῇ
1847 1587 1917 1668 ἐξ
1944 1580 2291 1686 Ἀθηνέων
2332 1584 2474 1682 ὁδῷ

183 1712 257 1808 τῇ
292 1706 426 1781 ἀπὸ
464 1714 603 1779 τῶν
644 1706 947 1780 δυώδεκα
995 1706 1175 1780 θεῶν
1216 1712 1337 1779 τοῦ
1375 1707 1617 1809 βωμοῦ
1654 1709 1959 1806 φερούσῃ
2013 1706 2087 1787 ἔς
2133 1733 2209 1780 τε
2244 1704 2461 1778 Πίσαν

183 1830 284 1900 καὶ
335 1828 449 1901 ἐπὶ
499 1830 617 1899 τὸν
662 1829 829 1925 νηὸν
885 1832 1006 1898 τοῦ
1055 1825 1214 1907 Διὸς
1260 1833 1378 1899 τοῦ
1423 1814 1826 1922 Ὀλυμπίου.
1950 1829 2226 1926 σμικρόν
2276 1851 2340 1897 τι
2386 1827 2463 1896 τὸ

185 1947 492 2048 διάφορον
533 1944 719 2045 εὖροι
752 1972 852 2027 τις
887 1944 967 2019 ἂν
1003 1946 1436 2043 λογιζόμενος
1480 1954 1615 2019 τῶν
1664 1948 1838 2019 ὁδῶν
1890 1948 2181 2020 τουτέων
2232 1947 2310 2017 τὸ
2364 1948 2461 2044 μὴ

185 2070 319 2148 ἴσας
356 2076 582 2167 μῆκος
617 2063 807 2149 εἶναι,
849 2065 928 2138 οὐ
961 2066 1170 2140 πλέον
1207 2066 1685 2141 πεντεκαίδεκα
1723 2066 2044 2141 σταδίων·
2089 2068 2136 2166 ἡ
2177 2063 2299 2161 μὲν
2338 2062 2463 2163 γὰρ

114 2203 163 2252 ¹⁵
192 2185 250 2267 ἐς
301 2184 522 2259 Πίσαν
582 2184 653 2266 ἐξ
701 2174 1065 2286 Ἀθηνέων
1123 2188 1402 2261 καταδεῖ
1461 2188 1938 2260 πεντεκαίδεκα
2001 2186 2290 2259 σταδίων
2364 2187 2461 2283 μὴ

187 2306 336 2378 εἶναι
370 2307 838 2378 πεντακοσίων
878 2309 988 2379 καὶ
1023 2306 1283 2405 χιλίων,
1337 2309 1384 2406 ἡ
1424 2306 1501 2379 δὲ
1539 2306 1610 2388 ἐς
1633 2296 1880 2380 τΙ-Ιλίου
1927 2308 2120 2379 πόλιν
2158 2303 2291 2377 ἀπὸ
2331 2304 2463 2377 θα-

187 2426 436 2526 λάσσης
470 2424 742 2523 πληροῖ
771 2424 842 2506 ές
875 2427 987 2497 τὸν
1022 2423 1308 2525 ἀριθμὸν
1347 2432 1609 2499 τοῦτον.
1681 2424 1814 2499 ἀπὸ
1848 2424 1923 2499 δὲ
1950 2414 2199 2498 “Ηλίου
2229 2423 2465 2504 πόλιος
2488 2439 2526 2501 8

184 2545 312 2619 ἂνω
347 2547 515 2620 ἰόντι
557 2549 786 2644 στεινή
825 2544 967 2619 ἐστι
1004 2541 1360 2644 Αἴγυπτος.
1474 2549 1559 2647 τῇ
1613 2546 1732 2642 μὲν
1787 2544 1913 2647 γὰρ
1962 2554 2087 2649 τῆς
2125 2536 2467 2648 Ἀραβίης

184 2666 328 2766 ὅρος
358 2665 844 2766 παρατέταται,
886 2665 1105 2765 φέρον·
1132 2660 1245 2739 ἀπ’
1295 2665 1541 2766 ἄρκτου
1574 2669 1743 2766 πρὸς
1780 2667 2207 2769 μεσαμβρίην
2244 2691 2319 2738 τε
2355 2668 2466 2738 καὶ

102 2804 155 2856 20
183 2790 385 2869 νότον,
447 2787 583 2859 αἰεὶ
639 2782 782 2856 ἄνω
819 2787 1032 2857 τεῖνον
1086 2786 1157 2866 ἐς
1203 2790 1326 2885 τὴν
1356 2781 1706 2887 Ἐρυθρὴν
1743 2787 2160 2885 καλεομένην
2197 2784 2463 2861 θάλαστ-

187 2931 336 2977 σαν·
394 2907 468 2978 ἐν
522 2908 624 3003 τῷ
679 2907 748 2977 αἱ
800 2904 1181 3001 λιθοτομίαι
1234 2906 1438 2980 ἔνεισι
1476 2909 1546 2978 αί
1582 2906 1654 2987 ές
1686 2905 1807 2987 τὰς
1839 2908 2222 3006 πυραμίδας
2257 2930 2462 2977 κατα-

488 3144 568 3197 &a
594 3144 622 3197 ὁ
648 3143 976 3216 παρασάγγης
1004 3130 1036 3197 λ
1061 3144 1292 3206 σταδίους
1318 3143 1426 3218 ἔχει
1450 3147 1477 3200 ό
1505 3145 1563 3199 δὲ
1591 3151 1794 3218 σχοῖνος
1817 3137 1845 3209 ἶ

211 3285 232 3290 —
243 3285 518 3293 ⁴---.—-——--—>-

386 3371 433 3421 1.
477 3368 673 3431 Λέξεις.
735 3399 798 3407 ——
854 3372 904 3421 4.
945 3369 1153 3423 δύναται
1178 3401 1206 3411 -
1234 3373 1264 3422 5
1289 3369 1467 3424 στάδια
1504 3370 1744 3425 Lexicon
1771 3371 1909 3427 rhet.
1939 3389 1992 3444 p.
2024 3374 2126 3425 674
2165 3371 2338 3427 Dobr.
2400 3399 2462 3411 --

284 3441 332 3490 5.
369 3437 607 3492 Photius
629 3455 677 3492 v.
710 3443 916 3511 σχοῖνος
1672 3476 1677 3483 -

288 3612 331 3664 1.
370 3618 645 3682 γεωπεῖναι
671 3611 763 3665 Pz.
792 3609 959 3681 glou.
983 3631 997 3665 ι
1023 3618 1268 3683 γεωπῖναι
1328 3617 1349 3681 11
1409 3608 1639 3687 όργΰιησι
1666 3616 1739 3679 R,
1772 3614 2001 3690 όργυίῃσι
2024 3616 2088 3669 dz
2153 3619 2176 3682 11
2240 3616 2287 3671 2.
2330 3635 2464 3707 γεω-

192 3683 348 3731 πῖναι
375 3682 488 3735 stt
512 3686 786 3753 γεωπεῖναι
832 3683 854 3747 11
917 3682 967 3736 3.
1008 3683 1057 3735 οί
1083 3681 1138 3734 δὲ
1162 3683 1279 3737 ΑΒ
1342 3685 1365 3748 11
1435 3687 1485 3735 4.
1527 3683 1584 3737 δὲ
1609 3685 1654 3749 ὁ]
1687 3683 1742 3737 δὲ
1767 3685 1794 3738 ό
1819 3685 1913 3755 μὲν
1944 3684 2153 3750 (ΙῖΙίάι,
2185 3686 2278 3753 μὲν
2303 3704 2391 3741 ουν
2415 3686 2464 3739 οἱ

193 3746 312 3802 Lex.
339 3748 486 3804 rhet.
546 3753 569 3817 11
627 3750 832 3822 παρασά
895 3768 965 3809 εις
987 3767 1019 3803 τ
1051 3752 1260 3805 ιάκοντα
1285 3751 1516 3812 σταδίους
1544 3754 1675 3807 Lex.
1704 3752 1844 3806 rhet.
1926 3756 1949 3819 11
2026 3758 2076 3807 5.
2117 3753 2298 3808 ἑκατὸν
2324 3757 2457 3810 Lex.

192 3815 319 3870 rhet.
371 3822 394 3885 11
439 3820 542 3873 ἐὼν
568 3819 664 3884 ἢ,
692 3836 801 3871 om.
831 3769 963 3875 f‘ex.
993 3838 1021 3873 r
1061 3828 1133 3873 et.
1186 3825 1208 3887 11
1254 3820 1486 3880 σταδίους
1511 3823 1644 3876 Lex.
1676 3821 1814 3876 rhet.
1856 3825 1880 3889 11
1930 3825 1978 3874 7.
2021 3824 2115 3893 μὲν
2141 3840 2246 3877 om.
2282 3825 2402 3878 Βάκ
2447 3830 2464 3892 11

193 3884 334 3953 ὴλιου
358 3888 536 3947 πολιος
558 3892 634 3951 A,
663 3887 816 3957 ἡλίου
842 3888 1017 3948 πόλιος
1037 3890 1235 3955 BCPz,
1277 3889 1416 3944 ’λίου
1443 3891 1642 3950 πόλεως
1667 3893 1719 3956 d,
1747 3891 2100 3961 ήλιουπόλεως
2121 3895 2177 3947 R
2218 3896 2240 3958 11
2288 3896 2336 3945 8.
2368 3912 2464 3964 με-

196 3955 360 4025 οόγεαν
385 3959 444 4011 R
501 3961 525 4023 11
581 3960 634 4011 9.
673 3957 879 4030 ἔνυδρος
903 3957 1229 4013 Hennioke:
1291 3959 1381 4012 νυδ
1414 3979 1470 4018 ος
1495 3963 1564 4025 L,
1593 3960 1801 4033 εὔυδρος
1826 3960 2064 4015 Lat-cher
2110 3965 2131 4028 ss
2190 3964 2259 4027 ἐς]
2292 3964 2343 4022 ἐς
2366 3964 2463 4034 τὴν

195 4023 306 4078 R&
351 4028 373 4091 ΙΙ
418 4026 722 4095 ἡλιουπόλιν
746 4031 815 4092 Α,
843 4026 1146 4097 ἡλιούπολιν
1171 4029 1337 4083 ceteri
1384 3978 1411 4095 ΓΙ
1460 4031 1538 4083 10.
1580 4031 1720 4097 ἰόντι]
1752 4031 1939 4083 ἀνιόντι
1966 4032 2086 4084 Rd:
2133 4034 2155 4097 ΙΙ
2201 4032 2462 4102 ἀθηναίων

201 4092 354 4148 cleda
408 4100 431 4161 n
494 4098 573 4148 11.
611 4099 792 4149 πεῖσαν
815 4098 943 4163 ΑΒ,
970 4097 1150 4150 πίσσαν
1171 4100 1231 4152 bz
1289 4102 1312 4165 11
1378 4100 1457 4151 12.
1498 4102 1709 4171 σμικρὸν
1733 4102 1792 4153 τὸ
1818 4100 2060 4172 διάῳορον
2091 4102 2148 4163 (J,
2178 4103 2391 4172 σμικρόν
2413 4120 2461 4153 τι

196 4159 422 4236 διαφέρον
449 4166 569 4219 led:
639 4168 662 4231 fl
737 4168 814 4219 13.
856 4164 1021 4220 οὐδῶν
1048 4169 1100 4231 d,
1130 4166 1296 4221 οὺδῶν
1320 4186 1347 4220 z
1413 4172 1436 4234 11
1513 4170 1593 4221 14.
1636 4177 1804 4240 μῆκος
1829 4185 1938 4222 om.
1969 4170 2090 4223 Rd:
2159 4174 2182 4235 11
2250 4170 2286 4240 ἡ
2314 4172 2408 4239 μὲν
2434 4201 2462 4211 -

199 4231 258 4281 15
279 4234 490 4286 σταδίων
515 4251 622 4288 om.
654 4236 729 4289 B¹
789 4238 811 4299 11
884 4238 964 4288 15.
1006 4235 1077 4302 ἐς]
1106 4237 1192 4290 ἐπὶ
1218 4238 1315 4291 Rd
1369 4240 1392 4303 11
1450 4243 1629 4291 πεῖσαν
1652 4239 1804 4304 affl,
1830 4245 1996 4292 πᾶσαν
2023 4239 2097 4301 R,
2126 4240 2306 4292 πίσσαν
2331 4243 2390 4294 bz
2445 4246 2461 4291 :;

198 4297 228 4350 ἆ
476 4304 640 4358 GR&
692 4308 716 4369 11
769 4303 969 4375 καταδὴ
995 4305 1048 4368 d,
1075 4306 1207 4359 κατὰ
1230 4305 1259 4358 δ
1324 4308 1408 4360 Rz
1466 4310 1488 4371 11
1547 4307 1695 4360 πέντε
1718 4307 1931 4361 καίδεκα
1958 4312 2009 4361 Α
2075 4311 2097 4373 11
2169 4309 2261 4429 μὴ]
2289 4311 2359 4367 ὡς
2386 4310 2461 4379 μὴ

202 4369 252 4421 R
353 4374 377 4436 11
427 4374 507 4425 16.
545 4371 848 4440 ὴλιουκόλιν
866 4379 938 4440 Α,
969 4373 1250 4428 ίλιούπολιν
1329 4415 1343 4440 ,
1371 4375 1675 4444 ἠλιούπολιν
1700 4376 1894 4447 reliqui
1935 4379 1958 4443 11
2011 4379 2090 4430 17.
2129 4376 2165 4446 ἠ
2189 4378 2463 4437 ,ιουπόλιος

202 4437 246 4490 L
307 4442 332 4505 11
404 4443 485 4493 19.
529 4458 694 4510 μεσαμ
866 4461 924 4496 z:
955 4443 1241 4517 μεσαμβρίη
1268 4445 1378 4508 Ra,
1410 4446 1727 4518 μεσαμβρίης
1751 4445 1946 4516 reliqui
2015 4448 2038 4512 11
2110 4448 2193 4499 20.
2229 4448 2377 4501 νότον
2402 4467 2459 4501 z:

202 4506 337 4560 νότου
384 4513 408 4575 11
454 4510 532 4563 ἀεὶ
561 4510 653 4564 Rd
764 4514 795 4563 2
838 4553 847 4562 .
882 4513 959 4582 τῷ
983 4512 1158 4583 α11τῷ
1183 4514 1271 4567 καὶ
1301 4515 1416 4567 Rdz
1464 4517 1485 4580 11
1531 4515 1821 4586 πυραμῖὸας
1845 4516 1953 4569 ΑΒ
