<?xml version="1.0" encoding="UTF-8"?>
<!DOCTYPE html PUBLIC "-//W3C//DTD XHTML 1.0 Transitional//EN"
    "http://www.w3.org/TR/xhtml1/DTD/xhtml1-transitional.dtd">
<html xmlns="http://www.w3.org/1999/xhtml" xml:lang="en" lang="en">
 <head>
  <title>
</title>
<meta http-equiv="Content-Type" content="text/html;charset=utf-8" />
  <meta name='ocr-system' content='tesseract 3.04.00' />
  <meta name='ocr-capabilities' content='ocr_page ocr_carea ocr_par ocr_line ocrx_word'/>
</head>
<body>
  <div class='ocr_page' id='page_1' title='image "./herodotihistori00unkngoog_0078.png"; bbox 0 0 3059 5125; ppageno 0'>
   <div class='ocr_carea' id='block_1_1' title="bbox 557 309 1849 376">
    <p class='ocr_par' dir='ltr' id='par_1_1' title="bbox 557 309 1849 376">
     <span class='ocr_line' id='line_1_1' title="bbox 557 309 1849 376; baseline -0.01 0"><span class='ocrx_word' id='word_1_1' title='bbox 557 331 773 376; x_wconf 79' lang='lat' dir='ltr'><strong>vam</strong></span> <span class='ocrx_word' id='word_1_2' title='bbox 1558 309 1849 365; x_wconf 64' lang='lat' dir='ltr'><strong>Praefatio.</strong></span> 
     </span>
    </p>
   </div>
   <div class='ocr_carea' id='block_1_2' title="bbox 557 483 2857 3307">
    <p class='ocr_par' dir='ltr' id='par_1_2' title="bbox 557 483 2857 3307">
     <span class='ocr_line' id='line_1_2' title="bbox 559 483 2845 583; baseline 0 -26"><span class='ocrx_word' id='word_1_3' title='bbox 559 487 811 572; x_wconf 77' lang='grc' dir='ltr'>νέοντο,</span> <span class='ocrx_word' id='word_1_4' title='bbox 869 488 1138 561; x_wconf 88' lang='lat' dir='ltr'><strong>senties</strong></span> <span class='ocrx_word' id='word_1_5' title='bbox 1175 512 1396 583; x_wconf 89' lang='lat' dir='ltr'><strong>quam</strong></span> <span class='ocrx_word' id='word_1_6' title='bbox 1447 488 1649 561; x_wconf 88' lang='lat' dir='ltr'><strong>istud</strong></span> <span class='ocrx_word' id='word_1_7' title='bbox 1700 486 2037 559; x_wconf 82' lang='grc' dir='ltr'>έσινέοντο</span> <span class='ocrx_word' id='word_1_8' title='bbox 2083 497 2249 582; x_wconf 89' lang='lat' dir='ltr'><strong>post</strong></span> <span class='ocrx_word' id='word_1_9' title='bbox 2291 483 2845 559; x_wconf 79' lang='lat' dir='ltr'><strong>infestissimam</strong></span> 
     </span>
     <span class='ocr_line' id='line_1_3' title="bbox 560 615 2843 712; baseline -0.001 -21"><span class='ocrx_word' id='word_1_10' title='bbox 560 642 870 712; x_wconf 89' lang='lat' dir='ltr'><strong>eamque</strong></span> <span class='ocrx_word' id='word_1_11' title='bbox 920 618 1145 712; x_wconf 90' lang='lat' dir='ltr'><strong>plane</strong></span> <span class='ocrx_word' id='word_1_12' title='bbox 1194 618 1655 711; x_wconf 79' lang='lat' dir='ltr'><strong>inopinatam</strong></span> <span class='ocrx_word' id='word_1_13' title='bbox 1707 617 2282 690; x_wconf 81' lang='lat' dir='ltr'><strong>devastationem</strong></span> <span class='ocrx_word' id='word_1_14' title='bbox 2333 615 2843 711; x_wconf 76' lang='lat' dir='ltr'><strong>pacatissimae</strong></span> 
     </span>
     <span class='ocr_line' id='line_1_4' title="bbox 557 746 2843 842; baseline -0 -21"><span class='ocrx_word' id='word_1_15' title='bbox 557 748 881 821; x_wconf 86' lang='lat' dir='ltr'><strong>civitatis</strong></span> <span class='ocrx_word' id='word_1_16' title='bbox 954 746 1196 822; x_wconf 89' lang='lat' dir='ltr'><strong>debile</strong></span> <span class='ocrx_word' id='word_1_17' title='bbox 1257 748 1509 822; x_wconf 88' lang='lat' dir='ltr'><strong>veniat</strong></span> <span class='ocrx_word' id='word_1_18' title='bbox 1570 757 1792 842; x_wconf 90' lang='lat' dir='ltr'><strong>atque</strong></span> <span class='ocrx_word' id='word_1_19' title='bbox 1853 748 2191 841; x_wconf 89' lang='lat' dir='ltr'><strong>ineptum</strong></span> <span class='ocrx_word' id='word_1_20' title='bbox 2210 804 2229 834; x_wconf 91' lang='lat'>‚</span> <span class='ocrx_word' id='word_1_21' title='bbox 2302 771 2526 842; x_wconf 92' lang='lat' dir='ltr'><strong>quam</strong></span> <span class='ocrx_word' id='word_1_22' title='bbox 2585 756 2843 820; x_wconf 85' lang='lat' dir='ltr'><strong>contra</strong></span> 
     </span>
     <span class='ocr_line' id='line_1_5' title="bbox 557 874 2843 974; baseline -0.001 -24"><span class='ocrx_word' id='word_1_23' title='bbox 557 879 944 974; x_wconf 88' lang='lat' dir='ltr'><strong>proprium</strong></span> <span class='ocrx_word' id='word_1_24' title='bbox 994 876 1410 974; x_wconf 76' lang='lat' dir='ltr'><strong>dolorisque</strong></span> <span class='ocrx_word' id='word_1_25' title='bbox 1460 879 1705 950; x_wconf 86' lang='lat' dir='ltr'><strong>acerbi</strong></span> <span class='ocrx_word' id='word_1_26' title='bbox 1756 876 2062 974; x_wconf 90' lang='lat' dir='ltr'><strong>plenum</strong></span> <span class='ocrx_word' id='word_1_27' title='bbox 2114 874 2483 950; x_wconf 75' lang='grc' dir='ltr'>ἐσικνέοντο</span> <span class='ocrx_word' id='word_1_28' title='bbox 2550 877 2843 973; x_wconf 66' lang='lat' dir='ltr'><strong>(pm-ye-</strong></span> 
     </span>
     <span class='ocr_line' id='line_1_6' title="bbox 558 1006 2842 1106; baseline 0 -26"><span class='ocrx_word' id='word_1_29' title='bbox 558 1009 755 1094; x_wconf 75' lang='grc' dir='ltr'>όαητ,</span> <span class='ocrx_word' id='word_1_30' title='bbox 788 1007 1205 1106; x_wconf 72' lang='lat' dir='ltr'><strong>fodiebant),</strong></span> <span class='ocrx_word' id='word_1_31' title='bbox 1272 1011 1701 1103; x_wconf 87' lang='lat' dir='ltr'><strong>praesertim</strong></span> <span class='ocrx_word' id='word_1_32' title='bbox 1754 1008 1831 1081; x_wconf 90' lang='lat' dir='ltr'><strong>in</strong></span> <span class='ocrx_word' id='word_1_33' title='bbox 1886 1033 1976 1082; x_wconf 93' lang='lat' dir='ltr'><strong>ea</strong></span> <span class='ocrx_word' id='word_1_34' title='bbox 2022 1006 2300 1079; x_wconf 89' lang='lat' dir='ltr'><strong>iniuria</strong></span> <span class='ocrx_word' id='word_1_35' title='bbox 2347 1030 2537 1102; x_wconf 85' lang='lat' dir='ltr'><strong>quae</strong></span> <span class='ocrx_word' id='word_1_36' title='bbox 2587 1006 2842 1080; x_wconf 89' lang='lat' dir='ltr'><strong>odium</strong></span> 
     </span>
     <span class='ocr_line' id='line_1_7' title="bbox 558 1136 2845 1233; baseline -0 -23"><span class='ocrx_word' id='word_1_37' title='bbox 558 1136 746 1211; x_wconf 89' lang='lat' dir='ltr'><strong>illud</strong></span> <span class='ocrx_word' id='word_1_38' title='bbox 815 1136 1276 1211; x_wconf 86' lang='lat' dir='ltr'><strong>inexorabile</strong></span> <span class='ocrx_word' id='word_1_39' title='bbox 1337 1139 1647 1233; x_wconf 88' lang='lat' dir='ltr'><strong>peperit.</strong></span> <span class='ocrx_word' id='word_1_40' title='bbox 1763 1149 1839 1211; x_wconf 92' lang='lat' dir='ltr'><strong>et</strong></span> <span class='ocrx_word' id='word_1_41' title='bbox 1909 1137 2316 1211; x_wconf 78' lang='lat' dir='ltr'><strong>subirascor</strong></span> <span class='ocrx_word' id='word_1_42' title='bbox 2385 1137 2573 1209; x_wconf 90' lang='lat' dir='ltr'><strong>mihi</strong></span> <span class='ocrx_word' id='word_1_43' title='bbox 2645 1138 2845 1233; x_wconf 93' lang='lat' dir='ltr'><strong>quod</strong></span> 
     </span>
     <span class='ocr_line' id='line_1_8' title="bbox 558 1266 2846 1361; baseline 0.002 -22"><span class='ocrx_word' id='word_1_44' title='bbox 558 1293 708 1340; x_wconf 89' lang='lat' dir='ltr'><strong>non</strong></span> <span class='ocrx_word' id='word_1_45' title='bbox 758 1267 1024 1340; x_wconf 85' lang='lat' dir='ltr'><strong>reduxi</strong></span> <span class='ocrx_word' id='word_1_46' title='bbox 1076 1275 1437 1340; x_wconf 87' lang='lat' dir='ltr'><strong>vetustam</strong></span> <span class='ocrx_word' id='word_1_47' title='bbox 1500 1266 1861 1341; x_wconf 74' lang='grc' dir='ltr'>ἐσικνέεται</span> <span class='ocrx_word' id='word_1_48' title='bbox 1910 1266 1965 1340; x_wconf 90' lang='grc' dir='ltr'>Γ</span> <span class='ocrx_word' id='word_1_49' title='bbox 2023 1268 2167 1341; x_wconf 99' lang='grc'><strong>108</strong></span> <span class='ocrx_word' id='word_1_50' title='bbox 2232 1266 2505 1340; x_wconf 84' lang='lat' dir='ltr'><strong>eximie</strong></span> <span class='ocrx_word' id='word_1_51' title='bbox 2568 1278 2846 1361; x_wconf 72' lang='lat' dir='ltr'><strong>aptam.</strong></span> 
     </span>
     <span class='ocr_line' id='line_1_9' title="bbox 561 1395 2850 1492; baseline 0.002 -24"><span class='ocrx_word' id='word_1_52' title='bbox 561 1423 699 1469; x_wconf 90' lang='lat' dir='ltr'><strong>nec</strong></span> <span class='ocrx_word' id='word_1_53' title='bbox 744 1397 894 1469; x_wconf 92' lang='lat' dir='ltr'><strong>iam</strong></span> <span class='ocrx_word' id='word_1_54' title='bbox 942 1397 1252 1471; x_wconf 89' lang='lat' dir='ltr'><strong>dubium</strong></span> <span class='ocrx_word' id='word_1_55' title='bbox 1302 1397 1488 1488; x_wconf 87' lang='lat' dir='ltr'><strong>quin</strong></span> <span class='ocrx_word' id='word_1_56' title='bbox 1540 1422 1717 1470; x_wconf 89' lang='lat' dir='ltr'><strong>sana</strong></span> <span class='ocrx_word' id='word_1_57' title='bbox 1764 1398 1863 1470; x_wconf 88' lang='lat' dir='ltr'><strong>sit</strong></span> <span class='ocrx_word' id='word_1_58' title='bbox 1910 1397 2271 1492; x_wconf 87' lang='lat' dir='ltr'><strong>scriptura</strong></span> <span class='ocrx_word' id='word_1_59' title='bbox 2320 1397 2664 1472; x_wconf 88' lang='lat' dir='ltr'><strong>Medicea</strong></span> <span class='ocrx_word' id='word_1_60' title='bbox 2694 1395 2850 1472; x_wconf 88' lang='lat' dir='ltr'><strong>Ae-</strong></span> 
     </span>
     <span class='ocr_line' id='line_1_10' title="bbox 560 1519 2849 1629; baseline 0 -31"><span class='ocrx_word' id='word_1_61' title='bbox 560 1524 787 1623; x_wconf 87' lang='lat' dir='ltr'><strong>schyl.</strong></span> <span class='ocrx_word' id='word_1_62' title='bbox 841 1524 1103 1621; x_wconf 87' lang='lat' dir='ltr'><strong>Suppl.</strong></span> <span class='ocrx_word' id='word_1_63' title='bbox 1169 1529 1315 1600; x_wconf 77' lang='lat'><strong>556</strong></span> <span class='ocrx_word' id='word_1_64' title='bbox 1387 1527 1660 1600; x_wconf 72' lang='grc' dir='ltr'>ἱκνεῖται</span> <span class='ocrx_word' id='word_1_65' title='bbox 1727 1520 1788 1599; x_wconf 80' lang='grc' dir='ltr'><strong>δ’</strong></span> <span class='ocrx_word' id='word_1_66' title='bbox 1844 1519 2035 1624; x_wconf 85' lang='grc' dir='ltr'>(Ἰώ),</span> <span class='ocrx_word' id='word_1_67' title='bbox 2110 1526 2607 1619; x_wconf 81' lang='grc' dir='ltr'>εἰσικνουμένου</span> <span class='ocrx_word' id='word_1_68' title='bbox 2663 1527 2849 1629; x_wconf 86' lang='grc' dir='ltr'>βέλει</span> 
     </span>
     <span class='ocr_line' id='line_1_11' title="bbox 562 1653 2848 1757; baseline 0.001 -30"><span class='ocrx_word' id='word_1_69' title='bbox 562 1654 888 1757; x_wconf 83' lang='grc' dir='ltr'>βουκόλου</span> <span class='ocrx_word' id='word_1_70' title='bbox 923 1658 1340 1755; x_wconf 80' lang='grc' dir='ltr'>πτερόεντος,</span> <span class='ocrx_word' id='word_1_71' title='bbox 1372 1653 1528 1728; x_wconf 84' lang='grc' dir='ltr'>Δῖον</span> <span class='ocrx_word' id='word_1_72' title='bbox 1563 1655 1914 1757; x_wconf 80' lang='grc' dir='ltr'>πάμβοτον</span> <span class='ocrx_word' id='word_1_73' title='bbox 1952 1653 2178 1739; x_wconf 80' lang='grc' dir='ltr'>ἄλσος,</span> <span class='ocrx_word' id='word_1_74' title='bbox 2210 1657 2340 1728; x_wconf 88' lang='lat' dir='ltr'><strong>ubi</strong></span> <span class='ocrx_word' id='word_1_75' title='bbox 2370 1665 2581 1729; x_wconf 84' lang='lat' dir='ltr'><strong>vetus</strong></span> <span class='ocrx_word' id='word_1_76' title='bbox 2618 1658 2848 1730; x_wconf 83' lang='lat' dir='ltr'><strong>inter-</strong></span> 
     </span>
     <span class='ocr_line' id='line_1_12' title="bbox 562 1784 2841 1884; baseline 0.001 -28"><span class='ocrx_word' id='word_1_77' title='bbox 562 1809 730 1879; x_wconf 90' lang='lat' dir='ltr'><strong>pres</strong></span> <span class='ocrx_word' id='word_1_78' title='bbox 789 1793 989 1858; x_wconf 90' lang='lat' dir='ltr'><strong>recte</strong></span> <span class='ocrx_word' id='word_1_79' title='bbox 1044 1789 1166 1857; x_wconf 83' lang='grc' dir='ltr'><strong>τοῦ</strong></span> <span class='ocrx_word' id='word_1_80' title='bbox 1228 1786 1495 1884; x_wconf 74' lang='grc' dir='ltr'>οἴστρου</span> <span class='ocrx_word' id='word_1_81' title='bbox 1556 1787 1659 1881; x_wconf 78' lang='grc' dir='ltr'><strong>τῷ</strong></span> <span class='ocrx_word' id='word_1_82' title='bbox 1724 1784 1977 1882; x_wconf 80' lang='grc' dir='ltr'>κέντρῳ</span> <span class='ocrx_word' id='word_1_83' title='bbox 2043 1784 2253 1883; x_wconf 79' lang='grc' dir='ltr'>αὐτὴν</span> <span class='ocrx_word' id='word_1_84' title='bbox 2319 1786 2841 1884; x_wconf 82' lang='grc' dir='ltr'>ὃιατρυπῶντος.</span> 
     </span>
     <span class='ocr_line' id='line_1_13' title="bbox 561 1910 2851 2013; baseline 0 -26"><span class='ocrx_word' id='word_1_85' title='bbox 561 1912 1004 2009; x_wconf 88' lang='lat' dir='ltr'><strong>interpolata</strong></span> <span class='ocrx_word' id='word_1_86' title='bbox 1040 1939 1256 2009; x_wconf 90' lang='lat' dir='ltr'><strong>porro</strong></span> <span class='ocrx_word' id='word_1_87' title='bbox 1291 1924 1466 1988; x_wconf 90' lang='lat' dir='ltr'><strong>sunt</strong></span> <span class='ocrx_word' id='word_1_88' title='bbox 1501 1913 1966 2013; x_wconf 79' lang='grc' dir='ltr'>έπειρεόμενος</span> <span class='ocrx_word' id='word_1_89' title='bbox 2000 1910 2055 1984; x_wconf 90' lang='grc' dir='ltr'>Γ</span> <span class='ocrx_word' id='word_1_90' title='bbox 2093 1916 2189 1987; x_wconf 87' lang='grc'><strong>64</strong></span> <span class='ocrx_word' id='word_1_91' title='bbox 2236 1915 2317 1987; x_wconf 92' lang='lat' dir='ltr'><strong>in</strong></span> <span class='ocrx_word' id='word_1_92' title='bbox 2354 1914 2584 1987; x_wconf 82' lang='lat' dir='ltr'><strong>altera</strong></span> <span class='ocrx_word' id='word_1_93' title='bbox 2618 1917 2851 2011; x_wconf 85' lang='lat' dir='ltr'><strong>stirpe</strong></span> 
     </span>
     <span class='ocr_line' id='line_1_14' title="bbox 558 2040 2852 2143; baseline 0.001 -26"><span class='ocrx_word' id='word_1_94' title='bbox 558 2043 937 2131; x_wconf 87' lang='lat' dir='ltr'><strong>librorum,</strong></span> <span class='ocrx_word' id='word_1_95' title='bbox 996 2042 1250 2143; x_wconf 78' lang='grc' dir='ltr'>ἐνείχεε</span> <span class='ocrx_word' id='word_1_96' title='bbox 1287 2040 1346 2116; x_wconf 90' lang='grc' dir='ltr'><strong>Α</strong></span> <span class='ocrx_word' id='word_1_97' title='bbox 1391 2046 1536 2117; x_wconf 88' lang='grc'><strong>118</strong></span> <span class='ocrx_word' id='word_1_98' title='bbox 1582 2045 1662 2116; x_wconf 91' lang='lat' dir='ltr'><strong>in</strong></span> <span class='ocrx_word' id='word_1_99' title='bbox 1699 2042 2059 2126; x_wconf 90' lang='lat' dir='ltr'><strong>omnibus,</strong></span> <span class='ocrx_word' id='word_1_100' title='bbox 2112 2041 2340 2140; x_wconf 80' lang='grc' dir='ltr'>ὤφλεε</span> <span class='ocrx_word' id='word_1_101' title='bbox 2378 2042 2429 2116; x_wconf 84' lang='grc' dir='ltr'><strong>Θ</strong></span> <span class='ocrx_word' id='word_1_102' title='bbox 2468 2047 2566 2119; x_wconf 85' lang='grc'><strong>26</strong></span> <span class='ocrx_word' id='word_1_103' title='bbox 2606 2044 2852 2119; x_wconf 80' lang='lat' dir='ltr'><strong>Aldus</strong></span> 
     </span>
     <span class='ocr_line' id='line_1_15' title="bbox 561 2170 2854 2271; baseline 0.001 -24"><span class='ocrx_word' id='word_1_104' title='bbox 561 2182 919 2247; x_wconf 89' lang='lat' dir='ltr'><strong>sumserat</strong></span> <span class='ocrx_word' id='word_1_105' title='bbox 953 2199 1045 2247; x_wconf 89' lang='lat' dir='ltr'><strong>ex</strong></span> <span class='ocrx_word' id='word_1_106' title='bbox 1082 2174 1181 2262; x_wconf 83' lang='lat' dir='ltr'><strong>R,</strong></span> <span class='ocrx_word' id='word_1_107' title='bbox 1219 2170 1581 2271; x_wconf 73' lang='grc' dir='ltr'>ἀγεόμενον</span> <span class='ocrx_word' id='word_1_108' title='bbox 1617 2181 1865 2246; x_wconf 89' lang='lat' dir='ltr'><strong>autem</strong></span> <span class='ocrx_word' id='word_1_109' title='bbox 1902 2170 1956 2243; x_wconf 97' lang='grc' dir='ltr'>Γ</span> <span class='ocrx_word' id='word_1_110' title='bbox 2001 2173 2091 2244; x_wconf 88' lang='grc'><strong>14</strong></span> <span class='ocrx_word' id='word_1_111' title='bbox 2130 2196 2224 2244; x_wconf 87' lang='lat' dir='ltr'><strong>ex</strong></span> <span class='ocrx_word' id='word_1_112' title='bbox 2259 2197 2323 2269; x_wconf 85' lang='lat' dir='ltr'><strong>q.</strong></span> <span class='ocrx_word' id='word_1_113' title='bbox 2416 2198 2554 2246; x_wconf 87' lang='lat' dir='ltr'><strong>nee</strong></span> <span class='ocrx_word' id='word_1_114' title='bbox 2595 2186 2854 2249; x_wconf 87' lang='lat' dir='ltr'><strong>carent</strong></span> 
     </span>
     <span class='ocr_line' id='line_1_16' title="bbox 562 2299 2853 2402; baseline 0 -26"><span class='ocrx_word' id='word_1_115' title='bbox 562 2303 969 2398; x_wconf 87' lang='lat' dir='ltr'><strong>suspitione</strong></span> <span class='ocrx_word' id='word_1_116' title='bbox 1032 2301 1666 2402; x_wconf 76' lang='grc' dir='ltr'>ἐπιμαρτυρεόμενοι</span> <span class='ocrx_word' id='word_1_117' title='bbox 1730 2299 1789 2374; x_wconf 91' lang='grc' dir='ltr'>Ε</span> <span class='ocrx_word' id='word_1_118' title='bbox 1854 2301 1950 2374; x_wconf 85' lang='grc'><strong>93</strong></span> <span class='ocrx_word' id='word_1_119' title='bbox 2014 2300 2352 2396; x_wconf 90' lang='lat' dir='ltr'><strong>paullum</strong></span> <span class='ocrx_word' id='word_1_120' title='bbox 2412 2307 2853 2398; x_wconf 84' lang='lat' dir='ltr'><strong>praesertim</strong></span> 
     </span>
     <span class='ocr_line' id='line_1_17' title="bbox 563 2427 2848 2532; baseline -0.001 -25"><span class='ocrx_word' id='word_1_121' title='bbox 563 2436 843 2508; x_wconf 89' lang='lat' dir='ltr'><strong>distans</strong></span> <span class='ocrx_word' id='word_1_122' title='bbox 906 2435 1000 2505; x_wconf 91' lang='lat' dir='ltr'><strong>ab</strong></span> <span class='ocrx_word' id='word_1_123' title='bbox 1062 2429 1654 2531; x_wconf 77' lang='grc' dir='ltr'>ἐπιμαρτυρόμεθα</span> <span class='ocrx_word' id='word_1_124' title='bbox 1714 2427 1774 2503; x_wconf 91' lang='lat' dir='ltr'><strong>E</strong></span> <span class='ocrx_word' id='word_1_125' title='bbox 1833 2433 2008 2519; x_wconf 76' lang='grc' dir='ltr'>92η,</span> <span class='ocrx_word' id='word_1_126' title='bbox 2079 2439 2155 2504; x_wconf 87' lang='lat' dir='ltr'><strong>et</strong></span> <span class='ocrx_word' id='word_1_127' title='bbox 2213 2437 2848 2532; x_wconf 73' lang='grc' dir='ltr'>περισπερχεόντων</span> 
     </span>
     <span class='ocr_line' id='line_1_18' title="bbox 565 2560 2849 2662; baseline -0.001 -25"><span class='ocrx_word' id='word_1_128' title='bbox 565 2563 628 2637; x_wconf 92' lang='lat' dir='ltr'>H</span> <span class='ocrx_word' id='word_1_129' title='bbox 669 2565 844 2650; x_wconf 95' lang='grc'>207,</span> <span class='ocrx_word' id='word_1_130' title='bbox 887 2564 1011 2636; x_wconf 86' lang='lat' dir='ltr'><strong>cui</strong></span> <span class='ocrx_word' id='word_1_131' title='bbox 1046 2561 1227 2635; x_wconf 87' lang='lat' dir='ltr'><strong>scite</strong></span> <span class='ocrx_word' id='word_1_132' title='bbox 1263 2560 1646 2634; x_wconf 86' lang='lat' dir='ltr'><strong>substituit</strong></span> <span class='ocrx_word' id='word_1_133' title='bbox 1678 2560 2142 2636; x_wconf 85' lang='lat' dir='ltr'><strong>Valckenaer</strong></span> <span class='ocrx_word' id='word_1_134' title='bbox 2188 2560 2849 2662; x_wconf 81' lang='grc' dir='ltr'>περισπερχθέντων.</span> 
     </span>
     <span class='ocr_line' id='line_1_19' title="bbox 561 2690 2855 2789; baseline -0.001 -22"><span class='ocrx_word' id='word_1_135' title='bbox 561 2696 746 2767; x_wconf 89' lang='lat' dir='ltr'><strong>haec</strong></span> <span class='ocrx_word' id='word_1_136' title='bbox 795 2694 1025 2789; x_wconf 89' lang='lat' dir='ltr'><strong>igitur</strong></span> <span class='ocrx_word' id='word_1_137' title='bbox 1069 2699 1201 2763; x_wconf 88' lang='lat' dir='ltr'><strong>aut</strong></span> <span class='ocrx_word' id='word_1_138' title='bbox 1248 2690 1468 2786; x_wconf 91' lang='lat' dir='ltr'><strong>plane</strong></span> <span class='ocrx_word' id='word_1_139' title='bbox 1512 2691 1731 2765; x_wconf 86' lang='lat' dir='ltr'><strong>mitto</strong></span> <span class='ocrx_word' id='word_1_140' title='bbox 1773 2702 1903 2766; x_wconf 91' lang='lat' dir='ltr'><strong>aut</strong></span> <span class='ocrx_word' id='word_1_141' title='bbox 1936 2717 2087 2767; x_wconf 91' lang='lat' dir='ltr'><strong>non</strong></span> <span class='ocrx_word' id='word_1_142' title='bbox 2124 2693 2485 2767; x_wconf 85' lang='lat' dir='ltr'><strong>retineam</strong></span> <span class='ocrx_word' id='word_1_143' title='bbox 2520 2695 2855 2766; x_wconf 85' lang='lat' dir='ltr'><strong>obstina-</strong></span> 
     </span>
     <span class='ocr_line' id='line_1_20' title="bbox 562 2819 2856 2917; baseline 0 -20"><span class='ocrx_word' id='word_1_144' title='bbox 562 2825 734 2910; x_wconf 84' lang='lat' dir='ltr'><strong>tius,</strong></span> <span class='ocrx_word' id='word_1_145' title='bbox 770 2822 1016 2895; x_wconf 89' lang='lat' dir='ltr'><strong>minus</strong></span> <span class='ocrx_word' id='word_1_146' title='bbox 1052 2822 1253 2894; x_wconf 90' lang='lat' dir='ltr'><strong>idem</strong></span> <span class='ocrx_word' id='word_1_147' title='bbox 1286 2822 1369 2893; x_wconf 90' lang='lat' dir='ltr'><strong>in</strong></span> <span class='ocrx_word' id='word_1_148' title='bbox 1406 2819 1575 2893; x_wconf 87' lang='lat' dir='ltr'><strong>aliis</strong></span> <span class='ocrx_word' id='word_1_149' title='bbox 1609 2819 1868 2893; x_wconf 90' lang='lat' dir='ltr'><strong>mollis.</strong></span> <span class='ocrx_word' id='word_1_150' title='bbox 1946 2822 2379 2917; x_wconf 76' lang='grc' dir='ltr'>πιεζεύμενος</span> <span class='ocrx_word' id='word_1_151' title='bbox 2413 2831 2528 2895; x_wconf 90' lang='lat' dir='ltr'><strong>ter</strong></span> <span class='ocrx_word' id='word_1_152' title='bbox 2562 2834 2856 2898; x_wconf 85' lang='lat' dir='ltr'><strong>constat</strong></span> 
     </span>
     <span class='ocr_line' id='line_1_21' title="bbox 561 2948 2855 3048; baseline -0.001 -22"><span class='ocrx_word' id='word_1_153' title='bbox 561 2952 792 3026; x_wconf 83' lang='lat' dir='ltr'><strong>fuisse</strong></span> <span class='ocrx_word' id='word_1_154' title='bbox 841 2952 922 3024; x_wconf 91' lang='lat' dir='ltr'><strong>in</strong></span> <span class='ocrx_word' id='word_1_155' title='bbox 971 2951 1398 3047; x_wconf 86' lang='lat' dir='ltr'><strong>Archetypo</strong></span> <span class='ocrx_word' id='word_1_156' title='bbox 1451 2948 1528 3048; x_wconf 89' lang='grc' dir='ltr'><strong>(Γ</strong></span> <span class='ocrx_word' id='word_1_157' title='bbox 1573 2952 1738 3024; x_wconf 82' lang='grc'>146.</span> <span class='ocrx_word' id='word_1_158' title='bbox 1782 2950 1834 3023; x_wconf 89' lang='grc' dir='ltr'>Ζ</span> <span class='ocrx_word' id='word_1_159' title='bbox 1878 2953 2044 3025; x_wconf 92' lang='grc'>108.</span> <span class='ocrx_word' id='word_1_160' title='bbox 2093 2948 2146 3023; x_wconf 82' lang='grc' dir='ltr'><strong>Θ</strong></span> <span class='ocrx_word' id='word_1_161' title='bbox 2192 2951 2402 3048; x_wconf 86' lang='grc'>142),</span> <span class='ocrx_word' id='word_1_162' title='bbox 2452 2953 2855 3047; x_wconf 75' lang='grc' dir='ltr'>πιεζόμενος</span> 
     </span>
     <span class='ocr_line' id='line_1_22' title="bbox 565 3080 2855 3177; baseline 0 -22"><span class='ocrx_word' id='word_1_163' title='bbox 565 3082 885 3169; x_wconf 73' lang='grc' dir='ltr'>ἁοοίθῐιε,</span> <span class='ocrx_word' id='word_1_164' title='bbox 921 3081 1043 3153; x_wconf 86' lang='lat' dir='ltr'><strong>oui</strong></span> <span class='ocrx_word' id='word_1_165' title='bbox 1079 3081 1360 3154; x_wconf 85' lang='lat' dir='ltr'><strong>accedit</strong></span> <span class='ocrx_word' id='word_1_166' title='bbox 1392 3080 1690 3162; x_wconf 75' lang='grc' dir='ltr'>πιέζεται</span> <span class='ocrx_word' id='word_1_167' title='bbox 1724 3081 1788 3152; x_wconf 93' lang='grc' dir='ltr'>Β</span> <span class='ocrx_word' id='word_1_168' title='bbox 1827 3082 1949 3168; x_wconf 86' lang='grc'>25,</span> <span class='ocrx_word' id='word_1_169' title='bbox 1988 3080 2209 3163; x_wconf 77' lang='grc' dir='ltr'>ἐπίεζε</span> <span class='ocrx_word' id='word_1_170' title='bbox 2258 3081 2324 3153; x_wconf 87' lang='grc' dir='ltr'><strong>Ε</strong></span> <span class='ocrx_word' id='word_1_171' title='bbox 2363 3081 2499 3155; x_wconf 80' lang='lat'><strong>35:</strong></span> <span class='ocrx_word' id='word_1_172' title='bbox 2558 3106 2755 3177; x_wconf 87' lang='lat' dir='ltr'><strong>quae</strong></span> <span class='ocrx_word' id='word_1_173' title='bbox 2790 3085 2855 3156; x_wconf 85' lang='lat' dir='ltr'><strong>si</strong></span> 
     </span>
     <span class='ocr_line' id='line_1_23' title="bbox 564 3211 2857 3307; baseline 0 -22"><span class='ocrx_word' id='word_1_174' title='bbox 564 3213 673 3286; x_wconf 88' lang='lat' dir='ltr'><strong>ita</strong></span> <span class='ocrx_word' id='word_1_175' title='bbox 708 3211 1022 3284; x_wconf 86' lang='lat' dir='ltr'><strong>variavit</strong></span> <span class='ocrx_word' id='word_1_176' title='bbox 1056 3211 1500 3296; x_wconf 83' lang='lat' dir='ltr'><strong>Herodotus,</strong></span> <span class='ocrx_word' id='word_1_177' title='bbox 1551 3234 1705 3282; x_wconf 90' lang='lat' dir='ltr'><strong>non</strong></span> <span class='ocrx_word' id='word_1_178' title='bbox 1739 3211 1974 3306; x_wconf 87' lang='lat' dir='ltr'><strong>magis</strong></span> <span class='ocrx_word' id='word_1_179' title='bbox 2008 3211 2327 3284; x_wconf 79' lang='lat' dir='ltr'><strong>variavit</strong></span> <span class='ocrx_word' id='word_1_180' title='bbox 2362 3234 2585 3307; x_wconf 89' lang='lat' dir='ltr'><strong>quam</strong></span> <span class='ocrx_word' id='word_1_181' title='bbox 2613 3211 2857 3286; x_wconf 85' lang='lat' dir='ltr'><strong>multa</strong></span> 
     </span>
    </p>
   </div>
   <div class='ocr_carea' id='block_1_3' title="bbox 441 3330 2857 3439">
    <p class='ocr_par' dir='ltr' id='par_1_3' title="bbox 441 3330 2857 3439">
     <span class='ocr_line' id='line_1_24' title="bbox 441 3330 2857 3439; baseline 0.001 -26"><span class='ocrx_word' id='word_1_182' title='bbox 441 3330 446 3334; x_wconf 48' lang='grc'><em>’</em></span> <span class='ocrx_word' id='word_1_183' title='bbox 568 3340 734 3413; x_wconf 84' lang='lat' dir='ltr'><strong>alia.</strong></span> <span class='ocrx_word' id='word_1_184' title='bbox 826 3364 964 3413; x_wconf 89' lang='lat' dir='ltr'><strong>nec</strong></span> <span class='ocrx_word' id='word_1_185' title='bbox 1013 3339 1426 3413; x_wconf 89' lang='lat' dir='ltr'><strong>Herodiani</strong></span> <span class='ocrx_word' id='word_1_186' title='bbox 1473 3340 1631 3439; x_wconf 81' lang='grc' dir='ltr'>περὶ</span> <span class='ocrx_word' id='word_1_187' title='bbox 1685 3364 1831 3435; x_wconf 79' lang='grc' dir='ltr'>μον.</span> <span class='ocrx_word' id='word_1_188' title='bbox 1873 3338 2006 3420; x_wconf 75' lang='grc' dir='ltr'>λέξ.</span> <span class='ocrx_word' id='word_1_189' title='bbox 2060 3364 2135 3435; x_wconf 92' lang='lat' dir='ltr'><strong>p.</strong></span> <span class='ocrx_word' id='word_1_190' title='bbox 2179 3341 2275 3413; x_wconf 88' lang='grc'><strong>44</strong></span> <span class='ocrx_word' id='word_1_191' title='bbox 2327 3342 2417 3412; x_wconf 93' lang='lat' dir='ltr'><strong>de</strong></span> <span class='ocrx_word' id='word_1_192' title='bbox 2468 3344 2857 3439; x_wconf 84' lang='lat' dir='ltr'><strong>barytonis</strong></span> 
     </span>
    </p>
   </div>
   <div class='ocr_carea' id='block_1_4' title="bbox 563 3456 2860 4606">
    <p class='ocr_par' dir='ltr' id='par_1_4' title="bbox 563 3456 2860 4606">
     <span class='ocr_line' id='line_1_25' title="bbox 567 3456 2855 3569; baseline -0.001 -23"><span class='ocrx_word' id='word_1_193' title='bbox 567 3473 649 3547; x_wconf 88' lang='lat' dir='ltr'><strong>in</strong></span> <span class='ocrx_word' id='word_1_194' title='bbox 685 3456 830 3554; x_wconf 67' lang='grc' dir='ltr'><strong>ἇξῶ</strong></span> <span class='ocrx_word' id='word_1_195' title='bbox 880 3470 1416 3544; x_wconf 88' lang='lat' dir='ltr'><strong>canonissantis</strong></span> <span class='ocrx_word' id='word_1_196' title='bbox 1449 3469 1736 3542; x_wconf 86' lang='lat' dir='ltr'><strong>notatio</strong></span> <span class='ocrx_word' id='word_1_197' title='bbox 1786 3469 2172 3567; x_wconf 76' lang='grc' dir='ltr'>σημειῶδες</span> <span class='ocrx_word' id='word_1_198' title='bbox 2220 3466 2353 3568; x_wconf 84' lang='grc' dir='ltr'><strong>ἄρα</strong></span> <span class='ocrx_word' id='word_1_199' title='bbox 2397 3459 2563 3569; x_wconf 86' lang='grc' dir='ltr'>παρ’</span> <span class='ocrx_word' id='word_1_200' title='bbox 2615 3459 2855 3544; x_wconf 85' lang='grc' dir='ltr'>Ἀττι-</span> 
     </span>
     <span class='ocr_line' id='line_1_26' title="bbox 567 3591 2859 3695; baseline 0.001 -23"><span class='ocrx_word' id='word_1_201' title='bbox 567 3603 709 3682; x_wconf 82' lang='grc' dir='ltr'>κοῖς</span> <span class='ocrx_word' id='word_1_202' title='bbox 760 3603 870 3672; x_wconf 83' lang='grc' dir='ltr'><strong>καὶ</strong></span> <span class='ocrx_word' id='word_1_203' title='bbox 919 3601 1059 3681; x_wconf 80' lang='grc' dir='ltr'>τοῖς</span> <span class='ocrx_word' id='word_1_204' title='bbox 1089 3591 1291 3672; x_wconf 83' lang='grc' dir='ltr'>’Ὶωσι</span> <span class='ocrx_word' id='word_1_205' title='bbox 1342 3597 1706 3695; x_wconf 77' lang='grc' dir='ltr'>λεγόμενον</span> <span class='ocrx_word' id='word_1_206' title='bbox 1758 3596 1870 3668; x_wconf 81' lang='grc' dir='ltr'><strong>διὰ</strong></span> <span class='ocrx_word' id='word_1_207' title='bbox 1902 3601 2022 3668; x_wconf 83' lang='grc' dir='ltr'><strong>τοῦ</strong></span> <span class='ocrx_word' id='word_1_208' title='bbox 2060 3597 2100 3668; x_wconf 81' lang='grc' dir='ltr'>ἔ</span> <span class='ocrx_word' id='word_1_209' title='bbox 2128 3598 2361 3682; x_wconf 74' lang='grc' dir='ltr'>πιέζω,</span> <span class='ocrx_word' id='word_1_210' title='bbox 2416 3597 2588 3694; x_wconf 88' lang='lat' dir='ltr'><strong>plus</strong></span> <span class='ocrx_word' id='word_1_211' title='bbox 2641 3601 2859 3695; x_wconf 87' lang='lat' dir='ltr'><strong>quie-</strong></span> 
     </span>
     <span class='ocr_line' id='line_1_27' title="bbox 566 3726 2859 3827; baseline 0.001 -25"><span class='ocrx_word' id='word_1_212' title='bbox 566 3755 784 3826; x_wconf 89' lang='lat' dir='ltr'><strong>quam</strong></span> <span class='ocrx_word' id='word_1_213' title='bbox 821 3729 1098 3802; x_wconf 86' lang='lat' dir='ltr'><strong>valebit</strong></span> <span class='ocrx_word' id='word_1_214' title='bbox 1145 3729 1240 3800; x_wconf 90' lang='lat' dir='ltr'><strong>ad</strong></span> <span class='ocrx_word' id='word_1_215' title='bbox 1289 3727 2032 3801; x_wconf 87' lang='lat' dir='ltr'><strong>circumscribendum</strong></span> <span class='ocrx_word' id='word_1_216' title='bbox 2065 3726 2576 3827; x_wconf 89' lang='lat' dir='ltr'><strong>Herodoteum</strong></span> <span class='ocrx_word' id='word_1_217' title='bbox 2632 3754 2859 3804; x_wconf 87' lang='lat' dir='ltr'><strong>usum</strong></span> 
     </span>
     <span class='ocr_line' id='line_1_28' title="bbox 567 3855 2859 3956; baseline 0 -24"><span class='ocrx_word' id='word_1_218' title='bbox 567 3885 789 3956; x_wconf 91' lang='lat' dir='ltr'><strong>quam</strong></span> <span class='ocrx_word' id='word_1_219' title='bbox 840 3882 1026 3954; x_wconf 85' lang='lat' dir='ltr'><strong>quae</strong></span> <span class='ocrx_word' id='word_1_220' title='bbox 1062 3859 1292 3955; x_wconf 88' lang='lat' dir='ltr'><strong>patris</strong></span> <span class='ocrx_word' id='word_1_221' title='bbox 1328 3855 1545 3931; x_wconf 83' lang='lat' dir='ltr'><strong>attuli</strong></span> <span class='ocrx_word' id='word_1_222' title='bbox 1593 3856 1794 3929; x_wconf 87' lang='lat' dir='ltr'><strong>illius</strong></span> <span class='ocrx_word' id='word_1_223' title='bbox 1844 3880 2067 3951; x_wconf 88' lang='lat' dir='ltr'><strong>supra</strong></span> <span class='ocrx_word' id='word_1_224' title='bbox 2114 3858 2205 3929; x_wconf 91' lang='lat' dir='ltr'><strong>de</strong></span> <span class='ocrx_word' id='word_1_225' title='bbox 2239 3860 2472 3937; x_wconf 84' lang='grc' dir='ltr'>κεῖνος.</span> <span class='ocrx_word' id='word_1_226' title='bbox 2565 3869 2643 3931; x_wconf 90' lang='lat' dir='ltr'><strong>et</strong></span> <span class='ocrx_word' id='word_1_227' title='bbox 2678 3860 2859 3936; x_wconf 85' lang='lat' dir='ltr'><strong>vide</strong></span> 
     </span>
     <span class='ocr_line' id='line_1_29' title="bbox 563 3984 2859 4085; baseline 0.001 -23"><span class='ocrx_word' id='word_1_228' title='bbox 563 3990 921 4063; x_wconf 87' lang='lat' dir='ltr'><strong>Lobeckii</strong></span> <span class='ocrx_word' id='word_1_229' title='bbox 959 3990 1534 4083; x_wconf 85' lang='lat' dir='ltr'><strong>disputationem</strong></span> <span class='ocrx_word' id='word_1_230' title='bbox 1581 3989 1676 4060; x_wconf 91' lang='lat' dir='ltr'><strong>ad</strong></span> <span class='ocrx_word' id='word_1_231' title='bbox 1712 3986 1917 4059; x_wconf 78' lang='lat' dir='ltr'><strong>Aiac.</strong></span> <span class='ocrx_word' id='word_1_232' title='bbox 1961 3984 2111 4059; x_wconf 84' lang='lat'><strong>239</strong></span> <span class='ocrx_word' id='word_1_233' title='bbox 2163 4010 2380 4060; x_wconf 88' lang='lat' dir='ltr'><strong>omne</strong></span> <span class='ocrx_word' id='word_1_234' title='bbox 2428 3988 2572 4060; x_wconf 89' lang='lat' dir='ltr'><strong>hoc</strong></span> <span class='ocrx_word' id='word_1_235' title='bbox 2615 4012 2859 4085; x_wconf 87' lang='lat' dir='ltr'><strong>genus</strong></span> 
     </span>
     <span class='ocr_line' id='line_1_30' title="bbox 565 4118 2857 4213; baseline 0 -20"><span class='ocrx_word' id='word_1_236' title='bbox 565 4119 1074 4193; x_wconf 86' lang='lat' dir='ltr'><strong>heteroclisiae</strong></span> <span class='ocrx_word' id='word_1_237' title='bbox 1119 4119 1448 4213; x_wconf 92' lang='lat' dir='ltr'><strong>undique</strong></span> <span class='ocrx_word' id='word_1_238' title='bbox 1501 4118 2282 4213; x_wconf 85' lang='lat' dir='ltr'><strong>comprehendentem:</strong></span> <span class='ocrx_word' id='word_1_239' title='bbox 2352 4143 2449 4190; x_wconf 83' lang='lat' dir='ltr'><strong>ex</strong></span> <span class='ocrx_word' id='word_1_240' title='bbox 2501 4143 2650 4213; x_wconf 90' lang='lat' dir='ltr'><strong>quo</strong></span> <span class='ocrx_word' id='word_1_241' title='bbox 2696 4120 2857 4194; x_wconf 88' lang='lat' dir='ltr'><strong>hue</strong></span> 
     </span>
     <span class='ocr_line' id='line_1_31' title="bbox 565 4245 2860 4346; baseline 0 -23"><span class='ocrx_word' id='word_1_242' title='bbox 565 4250 942 4345; x_wconf 89' lang='lat' dir='ltr'><strong>pertinent</strong></span> <span class='ocrx_word' id='word_1_243' title='bbox 976 4257 1262 4343; x_wconf 88' lang='lat' dir='ltr'><strong>praeter</strong></span> <span class='ocrx_word' id='word_1_244' title='bbox 1296 4246 1485 4320; x_wconf 92' lang='lat' dir='ltr'><strong>illud</strong></span> <span class='ocrx_word' id='word_1_245' title='bbox 1519 4248 1705 4320; x_wconf 81' lang='lat' dir='ltr'><strong>haec</strong></span> <span class='ocrx_word' id='word_1_246' title='bbox 1743 4254 2114 4342; x_wconf 88' lang='lat' dir='ltr'><strong>quattuor.</strong></span> <span class='ocrx_word' id='word_1_247' title='bbox 2190 4245 2407 4346; x_wconf 85' lang='grc' dir='ltr'>κυρέω</span> <span class='ocrx_word' id='word_1_248' title='bbox 2442 4249 2649 4321; x_wconf 84' lang='lat' dir='ltr'><strong>varia</strong></span> <span class='ocrx_word' id='word_1_249' title='bbox 2682 4273 2860 4344; x_wconf 88' lang='lat' dir='ltr'><strong>pro-</strong></span> 
     </span>
     <span class='ocr_line' id='line_1_32' title="bbox 567 4374 2857 4474; baseline -0 -23"><span class='ocrx_word' id='word_1_250' title='bbox 567 4378 830 4474; x_wconf 86' lang='lat' dir='ltr'><strong>genuit</strong></span> <span class='ocrx_word' id='word_1_251' title='bbox 862 4389 1194 4473; x_wconf 89' lang='lat' dir='ltr'><strong>tempora</strong></span> <span class='ocrx_word' id='word_1_252' title='bbox 1227 4375 1477 4451; x_wconf 85' lang='lat' dir='ltr'><strong>multis</strong></span> <span class='ocrx_word' id='word_1_253' title='bbox 1529 4374 1916 4472; x_wconf 74' lang='lat' dir='ltr'><strong>exempli8‚</strong></span> <span class='ocrx_word' id='word_1_254' title='bbox 1969 4377 2150 4474; x_wconf 86' lang='grc' dir='ltr'>κύρω</span> <span class='ocrx_word' id='word_1_255' title='bbox 2200 4377 2449 4450; x_wconf 88' lang='lat' dir='ltr'><strong>aoristi</strong></span> <span class='ocrx_word' id='word_1_256' title='bbox 2501 4378 2653 4450; x_wconf 89' lang='lat' dir='ltr'><strong>duo</strong></span> <span class='ocrx_word' id='word_1_257' title='bbox 2702 4378 2857 4450; x_wconf 77' lang='grc' dir='ltr'>ἐνέ-</span> 
     </span>
     <span class='ocr_line' id='line_1_33' title="bbox 566 4503 2853 4606; baseline -0 -27"><span class='ocrx_word' id='word_1_258' title='bbox 566 4532 813 4606; x_wconf 85' lang='grc' dir='ltr'>κυρσαν</span> <span class='ocrx_word' id='word_1_259' title='bbox 866 4505 920 4581; x_wconf 93' lang='grc' dir='ltr'>Γ</span> <span class='ocrx_word' id='word_1_260' title='bbox 961 4510 1102 4599; x_wconf 70' lang='grc'>77,</span> <span class='ocrx_word' id='word_1_261' title='bbox 1149 4503 1460 4605; x_wconf 83' lang='grc' dir='ltr'>ἐνέκυρσε</span> <span class='ocrx_word' id='word_1_262' title='bbox 1508 4503 1563 4578; x_wconf 93' lang='grc' dir='ltr'>Δ</span> <span class='ocrx_word' id='word_1_263' title='bbox 1607 4507 1749 4579; x_wconf 83' lang='grc'><strong>125</strong></span> <span class='ocrx_word' id='word_1_264' title='bbox 1810 4504 2143 4600; x_wconf 87' lang='lat' dir='ltr'><strong>(Bredov.</strong></span> <span class='ocrx_word' id='word_1_265' title='bbox 2185 4530 2256 4599; x_wconf 90' lang='lat' dir='ltr'><strong>p.</strong></span> <span class='ocrx_word' id='word_1_266' title='bbox 2301 4506 2499 4602; x_wconf 90' lang='grc'>371).</span> <span class='ocrx_word' id='word_1_267' title='bbox 2594 4508 2853 4606; x_wconf 75' lang='grc' dir='ltr'>ῥίπτειν</span> 
     </span>
    </p>
   </div>
   <div class='ocr_carea' id='block_1_5' title="bbox 3026 2899 3041 4108">
    <p class='ocr_par' dir='ltr' id='par_1_5' title="bbox 3026 2899 3041 4108">
     <span class='ocr_line' id='line_1_34' title="bbox 3026 2899 3041 4108; baseline 0 0"><span class='ocrx_word' id='word_1_268' title='bbox 3026 2899 3041 4108; x_wconf 95' lang='lat' dir='ltr'><strong> </strong></span> 
     </span>
    </p>
   </div>
  </div>
 </body>
</html>
