3059 5125
1154 334 1446 389 Praefatio.
2262 358 2451 401 van

202 511 680 607 exemplorum
721 536 956 606 pauca
993 536 1200 584 sumo
1238 537 1322 584 ac
1358 513 1500 584 sibi
1542 513 1807 584 vicina.
1901 509 1956 583 Δ
1998 514 2093 585 42
2148 512 2451 585 ἐκπλέειν

199 685 288 697 -
321 642 546 714 ἔπλεον
605 683 700 694 --
758 640 1080 721 πλέοντες
1133 683 1224 696 --
1280 640 1520 715 ἔπλεον
1563 684 1665 696 --
1703 641 2223 740 περιπλώοντες.
2354 643 2449 713 43

197 771 596 870 περιέπλωσε
618 812 721 824 -
750 766 1047 868 ἀνάγκην
1082 769 1359 844 ἔσεσθαι
1388 770 1796 867 περιπλώειν
1834 770 1905 851 ἔς
1937 771 1973 841 δ
2009 767 2089 843 ἂν
2130 768 2452 866 ἀπίκηται

195 898 550 998 περιπλέων
595 939 687 952 -
721 897 924 971 ἔπλεε
959 939 1050 954 -—-
1089 899 1511 979 διεκπλώσας
1541 939 1644 953 ——
1674 897 1876 972 ἔπλεε
1905 941 2003 954 --
2035 895 2330 971 ἀπέπλεε
2356 937 2446 952 -—

193 1026 583 1127 παραπλέειν
601 1069 690 1082 --
707 1028 1151 1125 περιπλῶσαι.
1212 1028 1310 1102 89
1326 1026 1557 1100 πλέειν
1575 1069 1676 1082 —-
1694 1028 2113 1109 διεκπλώσας
2139 1026 2339 1100 ἔπλεε
2356 1067 2447 1084 --

194 1155 604 1237 ἀναπλώσας.
710 1155 1030 1252 simplex
1077 1181 1163 1231 ac
1209 1158 1666 1252 primitivum
1703 1154 1880 1230 ἄνειν
1922 1167 2451 1252 poetarumque

193 1287 552 1381 proprium
591 1288 880 1381 passive
915 1288 1239 1382 positum
1276 1295 1390 1361 est
1423 1290 1496 1360 A
1544 1288 1709 1360 189.
1752 1283 1804 1358 θ
1848 1289 1929 1359 71
1980 1288 2201 1386 ἤνετο,
2249 1283 2308 1357 Η
2353 1290 2450 1361 20

193 1412 500 1512 ἀνομένῳ,
545 1440 1002 1512 paragogum
1040 1415 1263 1489 ἀνύειν
1304 1418 1542 1490 active
1580 1413 1731 1489 16ss
1770 1416 1956 1514 ἤνυε,
1998 1411 2055 1488 Α
2083 1416 2171 1489 91
2216 1417 2445 1515 ἤνυσε,

192 1545 236 1614 θ
275 1546 363 1618 98
402 1546 795 1632 κατανύσαι,
834 1543 888 1618 Ζ
923 1547 1066 1620 140
1103 1547 1496 1627 κατανύσας.
1570 1544 2055 1640 similiterque
2091 1546 2455 1619 fluctuant

189 1672 390 1753 αὔξειν
429 1683 506 1748 et
542 1672 868 1759 αὐξάνειν,
922 1673 1214 1774 πλήθειν
1260 1685 1336 1748 et
1370 1673 1730 1773 πληθύειν.
1824 1675 2231 1772 singularia
2276 1686 2453 1748 sunt

191 1802 443 1901 δοκήσει
477 1801 534 1875 Δ
577 1804 672 1876 74
723 1813 799 1876 et
834 1804 1191 1903 δεδόκηται
1230 1800 1289 1874 Η
1341 1806 1503 1891 16ἵ,
1555 1801 1974 1899 fi‘equentia
2024 1803 2328 1877 δέδοκται
2379 1812 2455 1878 et

189 1930 503 2005 ἐδέδοκτο.
599 1957 685 2004 ac
719 1935 811 2006 de
863 1934 981 2004 his
1027 1932 1223 2005 nihil
1272 1943 1517 2007 ortum
1555 1935 2108 2008 controversiae.
2201 1943 2279 2007 at
2313 1936 2453 2007 im-

187 2072 602 2156 pugnantur
635 2088 786 2135 non
823 2063 971 2135 alio
1008 2087 1230 2158 quam
1267 2063 1781 2158 disparilitatis
1820 2065 2128 2156 erimine
2165 2065 2455 2137 hetero-

187 2188 343 2264 clita
375 2194 736 2286 quaedam
775 2192 855 2264 in
883 2192 1004 2278 εἴ),
1033 2193 1236 2266 haud
1266 2195 1567 2288 quidem
1593 2194 1845 2266 omnia
1868 2195 2065 2266 inter
2091 2219 2168 2267 se
2196 2196 2453 2267 eodem

186 2321 333 2393 iure
366 2331 442 2394 et
475 2323 940 2395 auctoritate.
1033 2347 1202 2394 nam
1245 2324 1674 2418 μαχεόμενος
1724 2325 1924 2415 quod
1961 2333 2221 2415 quater
2253 2323 2456 2418 lege-

184 2450 409 2537 batur,
427 2452 542 2523 bis
569 2460 982 2526 antestatur
1009 2451 1319 2525 alterum
1347 2476 1581 2546 genus
1609 2454 1943 2524 codicum
1960 2451 2047 2548 (H
2072 2454 2235 2525 104.
2258 2451 2281 2525 l
2305 2455 2454 2550 67),

185 2580 393 2654 semel
429 2607 667 2655 unum
702 2582 780 2654 R
829 2580 915 2677 (H
960 2583 1161 2677 225),
1214 2582 1464 2669 semel,
1514 2584 1597 2655 ni
1647 2585 1828 2677 quid
1877 2582 2125 2656 oculos
2164 2580 2453 2670 fefellit,

184 2734 400 2783 unum
435 2712 719 2785 Aldum
757 2709 809 2806 (l
852 2713 1000 2807 75),
1053 2713 1184 2806 qui
1232 2712 1429 2785 idem
1485 2710 1970 2812 ὑπερβαλλέειν
2025 2711 2451 2813 συμβαλλεό-

185 2866 368 2931 μενος
413 2843 725 2936 eiusque
775 2842 975 2913 modi
1025 2839 1174 2912 alia
1220 2839 1456 2913 multa
1509 2842 1941 2935 importavit
1994 2840 2086 2935 (v.
2140 2842 2449 2915 Bredov.

185 2993 245 3062 p.
285 2970 428 3044 364
467 2971 632 3066 sq.).
727 2969 1149 3067 μαχὲσεσθαι
1186 2994 1380 3055 νοω,
1437 2978 1521 3042 ut
1569 2971 1710 3043 hoc
1760 2972 1999 3043 obiter
2031 2995 2452 3055 memorem,

184 3123 390 3192 quam
440 3101 835 3175 videbatur
896 3100 1139 3173 adhuc
1190 3100 1463 3173 habere
1525 3101 1745 3173 fidem
1762 3155 1780 3186 ‚
1846 3126 1935 3173 ea
1982 3108 2112 3173 aut
2162 3124 2453 3194 prorsus

184 3231 472 3303 evanuit
509 3238 645 3303 aut
679 3228 860 3302 Aldi
908 3226 1078 3315 fuit,
1130 3254 1299 3302 oum
1348 3238 1606 3302 contra
1642 3228 2074 3326 μαχέσασθαι
2122 3230 2453 3301 omnium

182 3355 322 3433 fere
355 3361 642 3455 ubique
677 3367 980 3432 constet.
1075 3383 1214 3432 nec
1262 3357 1605 3432 relictum
1654 3367 1766 3431 est
1813 3359 2018 3430 verbi
2054 3360 2223 3453 puri
2275 3358 2451 3431 σινέ-

185 3486 363 3561 εσθαι
399 3487 645 3562 ullum
681 3488 1134 3582 exemplum,
1186 3496 1578 3583 postquam
1630 3512 1820 3583 quae
1854 3485 2149 3560 fuerant
2183 3484 2240 3558 Δ
2285 3487 2449 3560 123.

187 3612 208 3686 1
253 3617 359 3690 13.
398 3619 524 3691 49.
569 3618 687 3691 73.
734 3619 853 3690 87.
904 3618 1045 3691 120
1107 3626 1374 3691 cuncta
1431 3643 1476 3690 a
1531 3618 1610 3690 R
1666 3617 2076 3712 pervicacia
2140 3618 2452 3711 quadam

185 3742 329 3819 loco
362 3748 705 3845 barytoni
739 3748 1073 3820 immissa
1105 3772 1261 3821 esse
1298 3749 1669 3842 apparuit,
1707 3770 1941 3819 unum
1977 3756 2224 3819 autem
2260 3747 2456 3837 quod

185 3873 554 3951 Bekkerus
613 3902 766 3950 non
830 3875 1130 3950 sustulit
1177 3874 1246 3948 E
1300 3878 1389 3950 81
1462 3876 1803 3950 ἔσινέοντο
1862 3884 1940 3950 et
1999 3877 2244 3970 ipsum
2302 3899 2457 3947 cor·

184 4014 446 4079 rectum
481 4017 597 4081 est
630 4007 961 4081 certatim
998 4029 1043 4077 a
1075 4007 1140 4079 C
1170 4016 1250 4079 et
1271 4006 1346 4078 R
1382 4030 1515 4101 pro
1554 4004 1951 4088 ἐσικνέοντο,
1984 4007 2180 4100 quod
2216 4028 2457 4077 serva-

187 4145 349 4208 runt
392 4137 565 4210 AB.
687 4137 882 4232 quod
944 4136 1007 4209 si
1072 4144 1310 4209 totum
1371 4134 1584 4208 illum
1647 4135 2124 4231 perpenderis
2186 4133 2454 4220 locum,

190 4260 680 4347 ἐπιπλώσαντες
735 4265 1030 4364 μακρῇσι
1099 4266 1299 4363 νηυσὶ
1366 4263 1437 4345 ἐς
1491 4265 1618 4361 τὴν
1688 4259 1995 4361 Ἀττικὴν
2053 4258 2453 4363 (Αἰγινῆται)

193 4394 346 4464 κατὰ
380 4392 502 4486 μὲν
541 4393 788 4492 ἔσυραν
827 4390 1150 4490 Φάληρον
1183 4389 1350 4464 κατὰ
1386 4389 1462 4465 δὲ
1498 4400 1624 4491 τῆς
1659 4390 1879 4489 ἄλλης
1912 4390 2254 4490 παραλίης
2282 4390 2454 4462 πολ-

195 4516 344 4600 λοὺς
373 4522 651 4620 δήμους,
708 4525 1049 4602 ποιεῦντες
1097 4519 1174 4593 δὲ
1225 4526 1437 4593 ταῦτα
1489 4518 1803 4617 μεγάλως
1842 4514 2259 4617 Ἀθηναίους
2312 4518 2455 4591 ἔσι-

1956 4668 1987 4707 e
2008 4651 2041 4687 a
