3059 5125
1113 369 1512 431 -Α-
2336 368 2442 428 111

205 551 310 642 τῆς
334 535 568 641 Ἀσίης
603 542 673 623 ές
708 552 832 644 γῆν
887 546 1007 642 τὴν
1049 539 1362 615 Μιλυάδα
1394 568 1405 580 ·
1462 545 1585 640 τὴν
1624 540 1749 640 γὰρ
1787 548 1898 613 νῦν
1946 541 2173 614 Λύκιοι
2211 542 2451 635 νέμον-

202 688 309 742 ται,
351 662 508 761 αὕτη
549 665 625 734 τὸ
660 663 952 734 παλαιὸν
991 665 1078 763 ἧν
1121 659 1405 744 Μιλυάς,
1473 666 1533 734 οί
1572 662 1647 734 δὲ
1686 658 1939 733 Μιλύαι
1972 666 2124 733 τότε
2156 661 2451 754 Σόλυμοι

200 783 542 855 ἐκαλέοντο.
635 785 808 862 τέως
847 783 965 878 μὲν
1009 787 1095 882 δὴ
1135 784 1355 855 αὐτῶν
1392 782 1779 881 Σαρπηδὼν
1817 784 2012 882 ἦρχε,
2066 784 2127 853 οἱ
2178 779 2253 852 δὲ
2296 781 2455 853 ἐκα-

198 902 410 974 λέοντο
443 907 517 975 τό
555 904 682 1003 πέρ
722 930 792 977 τε
830 906 1183 1003 ἠνείκαντο
1217 904 1474 998 οὔνομα
1507 906 1615 974 καὶ
1647 909 1761 973 νῦν
1801 902 1899 974 ’έτι
1933 902 2290 974 καλέονται
2326 901 2456 972 ὑπὸ

139 1031 313 1096 ῦτῶν
367 1029 717 1123 περιοίκων
781 1028 841 1096 οἱ
901 1027 1168 1106 Λύκιοι,
1228 1021 1597 1122 Τερμίλαι·
1682 1026 1779 1104 ὡς
1839 1021 1913 1092 δὲ
1970 1023 2038 1102 ἐξ
2093 1016 2455 1119 Ἀθηνέων

195 1142 393 1225 Λύκος
429 1145 464 1214 ὃ
505 1143 895 1225 Πανδίονος,
953 1143 1339 1226 ἐξελασθεὶς
1390 1147 1498 1215 καὶ
1551 1143 1748 1222 οὗτος
1800 1143 1927 1214 ὑπὸ
1964 1147 2082 1212 τοῦ
2123 1140 2454 1238 ἀδελφεοῦ

193 1261 425 1361 Αἰγέος,
468 1261 741 1338 ἀπίκετο
780 1267 850 1345 ές
886 1267 1041 1345 τοὺς
1077 1261 1414 1363 Τερμίλας
1448 1263 1637 1362 παρὰ
1673 1262 2106 1361 Σαρπηδόνα,
2150 1260 2327 1332 οὕτω
2367 1262 2452 1358 δὴ

190 1385 337 1455 κατὰ
371 1391 485 1456 τοῦ
530 1385 756 1457 Λύκου
793 1389 915 1485 τὴν
957 1385 1344 1484 ἐπωνυμίην
1386 1384 1620 1456 Λύκιοι
1673 1381 1801 1454 α’νὰ
1852 1386 2094 1482 χρόνον
2149 1381 2453 1480 ἐκλήθη-

189 1531 314 1576 σαν.
401 1510 667 1599 νόμοισι
709 1505 785 1577 δὲ
823 1507 906 1578 τὰ
945 1506 1063 1599 μὲν
1110 1501 1506 1603 Κρητικοῖσι
1558 1502 1639 1574 τὰ
1682 1500 1756 1574 δὲ
1800 1499 2149 1611 Καρικοῖέι
2190 1504 2448 1600 χρέων-

113 1644 160 1694 m
187 1649 296 1697 ται.
426 1625 496 1698 ἓν
567 1625 643 1696 δὲ
703 1627 856 1698 τόδε
918 1626 1083 1698 ἴδιον
1147 1629 1534 1718 νενομίκασι
1598 1625 1706 1694 καὶ
1768 1622 2121 1716 οὐδαμοῖσι
2187 1621 2451 1695 ἄλλοισι

188 1744 620 1843 συμφέρονται
660 1744 1062 1844 ἀνθρώπων.
1104 1743 1421 1816 καλέουσι
1458 1742 1593 1815 ἀπὸ
1629 1750 1763 1814 τῶν
1805 1745 2118 1841 μητέρων
2158 1742 2452 1821 ἑωυτοὺς

185 1869 275 1936 καὶ
311 1868 450 1937 οὐκὶ
484 1864 623 1937 ἀπὸ
660 1874 794 1936 τῶν
831 1865 1176 1963 πατέρων·
1234 1864 1582 1962 εἰρομένου
1621 1863 1694 1935 δὲ
1732 1862 1967 1961 ἑτέρου
2011 1866 2121 1933 τὸν
2161 1863 2450 1961 πλησίον

186 1991 266 2066 τίς
307 1988 432 2084 εἴη,
494 1985 845 2064 καταλέξει
899 1986 1149 2057 ἑωυτὸν
1201 1983 1540 2083 μητρόθεν
1590 1986 1699 2055 καὶ
1748 1990 1874 2082 τῆς
1914 1986 2173 2081 μητρὸς
2210 1982 2446 2053 ἀνανε-

190 2105 389 2197 μέεται
425 2107 548 2187 τὰς
589 2105 908 2205 μητέρας.
994 2108 1103 2176 καὶ
1139 2106 1222 2203 ἢν
1264 2105 1384 2198 μέν
1424 2131 1496 2201 γε
1536 2107 1699 2201 γυνὴ
1741 2101 1912 2200 ἀστὴ
1958 2103 2183 2199 δούλῳ
2221 2129 2445 2176 συνοι-

111 2241 158 2289 15
188 2229 363 2325 κήσῃ,
427 2229 705 2324 γενναῖα
759 2226 842 2296 τὰ
896 2226 1089 2297 τέκνα
1127 2230 1548 2320 νενόμισται·
1606 2225 1690 2322 ἢν
1735 2221 1811 2293 δὲ
1849 2221 2022 2321 ἀνὴρ
2077 2220 2279 2302 ἀστὸς
2338 2225 2446 2293 καὶ

184 2346 213 2413 ὁ
252 2354 509 2444 πρῶτος
560 2345 785 2417 αὐτῶν
838 2348 1117 2445 γυναῖκα
1156 2344 1374 2443 Ξείνην
1411 2344 1457 2443 ἢ
1497 2343 1852 2441 παλλακὴν
1893 2343 2047 2442 ἔχῃ.
2107 2341 2311 2438 ἄτιμα
2368 2341 2448 2412 τὰ

181 2468 355 2538 τέκνα
391 2473 666 2567 γίνεται.

313 2584 387 2658 Οἱ
444 2587 570 2682 μέν
634 2614 746 2658 νυν
812 2585 1036 2688 Κᾶρες
1088 2586 1279 2659 οὐδὲν
1338 2587 1645 2685 λαμπρὸν
1705 2585 1900 2685 ἔργον
1954 2584 2611 2680 α’·ιιτοδεξοίμενοιΓΗ4

178 2705 644 2807 ἐδουλώθησαν
706 2709 833 2780 ὑπὸ
878 2697 1248 2806 (Αρπάγου.
1315 2707 1466 2778 οὔτε
1514 2706 1705 2778 αὐτοὶ
1745 2709 1804 2776 οἱ
1846 2703 2072 2804 Κᾶρες
2110 2704 2441 2786 ἀποδεξά-

99 2842 148 2891 20
179 2853 344 2918 μενοι
380 2828 603 2907 οὐδέν,
639 2828 792 2900 οὔτε
830 2830 978 2900 ὅσοι
1004 2832 1016 2843 “
1043 2825 1370 2927 Ελλήνων
1408 2829 1659 2925 ταύτην
1691 2830 1815 2926 τὴν
1851 2831 2088 2925 χώρην
2124 2826 2440 2898 οἰκέουσι·

177 2946 438 3019 οἰκέουσι
478 2947 552 3019 δὲ
600 2951 711 3021 καὶ
749 2948 942 3021 ἄλλοι
989 2950 1092 3020 καὶ
1128 2946 1680 3043 Λακεδαιμονίων
1722 2945 1987 3018 ἄποικοι
2033 2943 2321 3018 Κνίδιοι·
2379 2948 2443 3017 οἳ

178 3074 284 3164 τῆς
341 3073 584 3168 χώρης
639 3076 762 3167 τῆς
819 3067 1157 3167 σφετέρης
1217 3068 1687 3167 τετραμμένης
1744 3066 1814 3146 ές
1876 3068 2154 3146 πόντον,
2225 3070 2299 3138 τὸ
2357 3066 2441 3166 δὴ

178 3182 465 3283 Τριόπιον
508 3188 837 3269 καλέεται,
894 3187 1240 3286 ἀργμένης
1277 3186 1353 3259 δὲ
1390 3187 1464 3259 έκ
1501 3194 1624 3287 τῆς
1663 3184 2103 3285 Χερσονήσου
2139 3195 2264 3286 τῆς
2300 3183 2439 3258 Βυ-

179 3305 459 3407 βασσίης,
515 3311 768 3408 ἐούσης
801 3334 872 3379 τε
919 3309 1148 3406 πάσης
1184 3315 1310 3406 τῆς
1351 3304 1634 3405 Κνιδίης
1681 3308 1863 3405 πλὴν
1920 3305 2159 3404 ὀλίγης
2207 3334 2441 3406 περιρ-

99 3442 149 3489 ²5
179 3430 318 3521 ρύου
370 3428 471 3519 (τὰ
524 3428 646 3523 μὲν
695 3429 822 3528 γὰρ
878 3428 1089 3528 αὐτῆς
1135 3431 1304 3526 πρὸς
1355 3427 1605 3529 βορέην
1661 3426 1908 3520 ἄνεμον
1947 3428 1982 3496 ὁ
2022 3423 2443 3524 Κεραμεικὸς

459 3702 538 3756 ὅτι
563 3702 747 3757 Λύκιοι
814 3701 918 3754 όνοι
942 3703 1045 3754 ἀπὸ
1068 3709 1171 3754 τῶν
1197 3709 1404 3773 μητρῶν
1429 3699 1641 3758 ἑαυτοὺς
1661 3700 1874 3753 καλοῦσι
2084 3699 2195 3770 περὶ
2220 3697 2440 3753 Κνιδίων

361 3770 435 3823 ὅτι
458 3780 616 3843 νῆσον
643 3721 982 3840 ἐπετ-ξδευσαν
1006 3771 1101 3840 τὴν
1125 3770 1321 3841 ἑαυτῶν
1347 3777 1557 3840 ποιῆσαι
1584 3769 1730 3822 πόλιν

364 4034 394 4082 5
423 4049 486 4113 sq
529 4073 541 4084 .
602 4030 923 4085 Eustathius
966 4030 1133 4085 Dion.
1176 4032 1295 4083 857.
1358 4059 1418 4070 —
1465 4029 1796 4110 ‘Stephanus
1822 4029 1952 4099 Byz.
1981 4046 2031 4082 v.
2064 4026 2312 4100 Τέρμερα.
2378 4059 2436 4067 --

275 4101 346 4152 13.
385 4100 477 4154 Sm
520 4119 580 4154 as
603 4118 652 4153 v.
682 4100 965 4169 ἀνανέμειν.
1013 4130 1067 4139 -
1114 4101 1194 4152 15.
1238 4099 1480 4154 Bekken
1507 4099 1716 4153 Anecd.
1748 4116 1803 4169 p.
1838 4100 1924 4150 111

270 4273 314 4323 2.
354 4273 536 4341 μιλύας
568 4277 614 4328 C
687 4278 710 4339 ΙΙ
793 4275 843 4326 3.
884 4273 1076 4326 αὐτέων
1103 4292 1130 4326 z
1210 4276 1232 4338 ΙΙ
1314 4276 1362 4325 4.
1403 4273 1463 4326 τό
1499 4289 1607 4326 om.
1638 4292 1664 4326 z
1746 4276 1768 4338 ΙΙ
1853 4275 1901 4323 5.
1943 4269 2205 4343 ἀθηναίων
2234 4272 2351 4325 0st

184 4346 222 4389 ϋ.
260 4341 499 4403 ἐξελαθεὶς
527 4345 602 4397 P:
682 4348 703 4409 n
783 4343 1007 4416 ἀδελφοῦ
1033 4361 1093 4413 q:
1175 4347 1196 4408 ΙΙ
1281 4346 1326 4393 7.
1370 4342 1555 4414 αἰγέως
1583 4344 1631 4396 L
1713 4345 1736 4408 u
1826 4344 1903 4393 11.
1948 4342 2270 4412 συμφέροντα
2303 4347 2348 4395 Α
2435 4352 2440 4361 “

190 4408 238 4459 12
289 4411 535 4481 ἠρομένου
569 4414 614 4465 (3
654 4417 675 4478 ΙΙ
737 4414 813 4465 13.
857 4413 1177 4481 ἀνανεμεῖται
1201 4414 1310 4466 ΑΒ
1367 4415 1389 4477 11
1455 4414 1535 4463 14.
1576 4428 1633 4483 γε
1660 4427 1766 4464 om.
1797 4430 1822 4463 ,τ
1881 4414 1903 4475 ΙΙ
1968 4413 2047 4463 15.
2090 4410 2255 4473 ἀστὸς]
2286 4411 2435 4470 αὐτὸς

111 4486 116 4493 “
191 4480 229 4529 (’
281 4484 300 4543 ΙΙ
372 4484 445 4534 16.
487 4481 730 4535 abdere:
801 4486 822 4546 ΙΙ
900 4484 982 4535 21.
1025 4478 1240 4543 Κνίδιοι,
1272 4480 1321 4534 οἳ
1346 4481 1600 4534 Bekker=
1631 4477 1831 4534 Κνίδιοι
1913 4482 1935 4544 ΙΙ
2022 4482 2104 4531 23.
2148 4477 2435 4552 Βυβασσίης

193 4546 248 4599 is,
279 4550 518 4602 Vossius:
547 4550 814 4623 βυβλεσίης
862 4555 882 4617 u
931 4553 1013 4603 25.
1057 4552 1213 4624 βορῆν
1238 4550 1467 4616 codices,
1499 4551 1658 4623 βορὴν
1684 4568 1710 4602 z
1757 4552 1779 4614 ΙΙ
1830 4546 2123 4620 Κεραμικὸς
2150 4568 2175 4602 z:
