3059 5125
529 437 600 480 v1
1525 412 1818 467 PraefatiO.

532 600 895 686 tunasque
943 590 1165 662 homo
1218 588 1499 663 scilicet
1548 589 2064 685 grammaticus
2112 587 2425 675 saeculi,
2490 587 2572 660 ni
2619 585 2825 659 fallit

533 722 936 815 scripturae
987 719 1271 792 novitas
1290 775 1310 807 ‚
1362 718 1609 814 quinti
1653 717 1943 790 decimi.
2034 741 2262 789 manu
2308 717 2488 790 item
2531 717 2821 789 recenti

535 851 805 923 adiecti
867 848 1220 944 leguntur
1278 845 1443 920 folii
1489 850 1588 922 26
1639 873 1696 920 r.
1750 847 2071 942 margini
2120 844 2464 919 versiculi
2524 844 2818 940 politici

535 977 1156 1075 quattuordecim,
1207 979 1300 1048 ad
1349 979 1423 1049 A
1461 978 1558 1050 94
1611 978 2095 1072 pertinente8‚
2146 974 2613 1071 ineptissimi.
2740 981 2827 1046 at

535 1109 809 1181 eisdem
860 1107 1134 1199 quibus
1177 1106 1551 1202 scriptoris
1601 1107 1832 1178 oratio
1881 1105 2220 1178 manibus
2287 1113 2363 1177 et
2421 1104 2826 1176 summaria

535 1238 1067 1333 propemodum
1137 1213 1499 1330 perpetua
1573 1242 1648 1307 et
1723 1234 2005 1308 scholia
2073 1234 2514 1330 paucissima
2584 1257 2825 1327 eaque

537 1364 922 1462 perbrevia
956 1364 1037 1437 in
1071 1364 1528 1460 marginibus
1566 1373 1740 1456 sunt
1766 1364 2147 1458 adscripta.
2206 1363 2544 1436 tractavit
2571 1371 2826 1434 autem

537 1494 739 1566 hunc
787 1495 1069 1588 primus
1120 1494 1370 1566 dedita
1417 1511 1642 1588 opera
1686 1491 1998 1565 Iacobus
2036 1487 2456 1566 Gronovius
2507 1490 2827 1564 iuvenili

542 1624 933 1695 admodum
970 1631 1210 1695 aetate
1258 1645 1321 1693 a.
1362 1623 1583 1709 1675,
1630 1621 1991 1716 expressit
2024 1618 2142 1693 vel
2178 1628 2373 1693 certe
2410 1620 2829 1717 exprimere

541 1753 685 1826 sibi
721 1750 921 1828 visus
972 1759 1088 1826 est
1127 1751 1326 1826 idem
1375 1773 1603 1828 senex
1654 1750 2141 1846 quadraginta
2174 1750 2402 1824 annis
2452 1756 2621 1844 post
2666 1749 2835 1821 edi-

542 1882 743 1956 tione
795 1904 859 1968 a,
909 1881 1103 1958 1715
1154 1878 1524 1952 absoluta:
1597 1903 1819 1973 quam
1865 1889 2261 1976 utrumque
2295 1901 2446 1951 non
2481 1876 2698 1973 plene
2746 1886 2849 1952 et·

540 2008 855 2086 fideliter
889 2019 1112 2104 atque
1139 2009 1442 2086 omnino
1477 2032 1740 2102 parum
1774 2008 1998 2102 digne
2036 2007 2427 2082 immodica
2459 2008 2577 2081 5111
2615 2029 2837 2080 suae-

545 2164 692 2234 que
761 2163 1024 2233 operae
1094 2138 1488 2214 iactatione
1502 2193 1521 2224 ‚
1593 2134 1849 2210 multis
1921 2160 2123 2210 nunc
2181 2134 2654 2211 manifestum
2715 2145 2845 2211 est

542 2266 741 2344 locis.
838 2264 1094 2356 velun,
1151 2275 1238 2342 ut
1295 2265 1587 2361 aliquot.
1648 2291 1694 2340 e
1762 2288 2032 2362 magno
2102 2289 2409 2342 numero
2474 2290 2835 2361 promam,

545 2399 620 2472 A
662 2390 1055 2472 171·Μίνω
1103 2420 1194 2470 τε
1249 2398 1570 2494 κατήκοοι
1629 2417 1786 2468 esse
1836 2395 1918 2468 in
1967 2395 2214 2470 codice
2263 2404 2605 2482 metam,
2658 2420 2834 2469 cum

546 2527 739 2600 absit
773 2522 1035 2598 vocula
1066 2549 1160 2597 τε.
1262 2525 1404 2596 172
1446 2520 1827 2597 Καυκώνιοι
1862 2523 1978 2598 1115
2033 2533 2108 2598 et
2144 2521 2600 2609 Καυκωνικόν,
2656 2549 2832 2599 cnm

547 2657 644 2728 sit
692 2662 768 2727 et
818 2650 1105 2726 Καύνιοι
1168 2662 1244 2726 et
1309 2650 1639 2724 Καυνικόν
1710 2654 1931 2727 sicuti
1991 2655 2073 2728 in
2137 2654 2395 2728 ceteris
2456 2656 2829 2729 omnibus.

548 2782 604 2859 Δ
638 2783 782 2859 113
819 2781 892 2865 ἐς
925 2783 1052 2880 τὴν
1090 2778 1450 2880 ὑστεραίην
1487 2780 1742 2878 ἐλθεῖν]
1782 2769 2083 2857 inMS.
2124 2784 2528 2880 nuspiam
2560 2783 2840 2880 legitur

547 2910 910 3009 particula
957 2903 1094 2996 ez’,
1152 2919 1360 2985 extat
1406 2919 1655 2985 autem
1704 2936 1932 3008 supra
1981 2934 2295 2987 versum.
2400 2937 2541 2987 nec
2597 2912 2839 3010 1118315

548 3066 721 3123 vera
768 3043 846 3117 A
888 3040 1031 3115 192
1083 3035 1605 3138 Τριτανταίγμῃ,
1658 3042 1808 3115 205
1858 3044 2201 3139 στρατίην,
2259 3041 2324 3114 Β
2375 3042 2470 3115 32
2528 3039 2839 3122 ἅπαντας

549 3169 740 3253 εἶναι,
797 3171 892 3245 42
933 3166 1079 3243 ὅσοι
1116 3167 1229 3264 δὴ,
1284 3164 1338 3238 Γ
1375 3170 1476 3243 26
1513 3166 1590 3241 ἐκ
1624 3177 1758 3239 τῶν
1795 3166 2063 3268 Θηβῶν,
2123 3169 2267 3244 139
2306 3168 2677 3263 ἐπιθυμέω
2702 3176 2839 3268 τῆς

547 3298 884 3397 χλανίδος,
948 3297 1090 3371 153
1131 3290 1540 3397 Μεγαβύζου
1588 3300 1711 3367 τοῦ
1752 3296 1859 3381 ὃς,
1916 3297 1999 3371 Η
2053 3299 2195 3371 109
2248 3294 2827 3397 ἀποξηρωμὲνον.

552 3448 1002 3521 quamquam
1047 3423 1265 3519 longe
1322 3422 1687 3518 plurimos
1728 3448 2003 3499 errores
2065 3435 2143 3501 et
2192 3427 2335 3501 sibi
2381 3435 2460 3501 et
2516 3427 2647 3513 eis,
2699 3427 2835 3518 qni

555 3563 811 3651 postea
843 3554 1047 3629 hunc
1081 3552 1510 3648 scriptorem
1544 3554 1863 3642 edidere,
1897 3574 1991 3627 eo
2020 3556 2314 3650 peperit
2340 3558 2537 3651 quod
2562 3564 2837 3629 temere

549 3707 730 3758 suae
777 3681 1062 3761 seilicet
1104 3679 1530 3777 diligentiae
1570 3684 1835 3771 fidens,
1883 3683 2249 3781 quidquid
2290 3684 2372 3759 in
2431 3684 2838 3780 exemplari

551 3836 704 3909 quo
748 3814 1093 3889 utebatur
1131 3809 1410 3889 Aldina
1457 3810 1577 3886 vel
1622 3813 2129 3907 Stephaniano
2174 3840 2220 3887 a
2266 3815 2513 3890 codice
2566 3816 2845 3889 discre-

553 3967 732 4039 pate
778 3966 934 4019 non
977 3944 1434 4030 adnotasset,
1489 3942 1602 4015 ita
1656 3944 1741 4015 in
1797 3944 2045 4019 codice
2093 3943 2451 4039 seriptum
2495 3969 2651 4019 esse
2687 3924 2843 4039 'pro

552 4081 754 4149 certo
785 4072 1132 4163 habebat,
1184 4071 1304 4147 1111
1339 4080 1591 4147 autem
1629 4096 1891 4167 parum
1926 4074 2131 4147 cauti
2162 4072 2458 4147 silentio
2500 4073 2662 4149 eius
2697 4098 2835 4168 pro

553 4202 978 4279 testimonio
994 4256 1013 4290 ,
1091 4202 1418 4277 editione
1479 4226 1619 4296 pro
1675 4202 1927 4277 codiee
1997 4203 2206 4275 abuti
2270 4212 2831 4276 consueverunt.

553 4358 690 4411 nec
715 4356 888 4407 vero
922 4332 1184 4407 maiori
1217 4332 1365 4407 fide
1399 4356 1496 4405 ex
1534 4330 1808 4407 eisdem
1846 4333 2290 4405 membranis
2318 4341 2571 4405 nostra
2594 4340 2865 4406 aetate·

555 4463 645 4541 de
685 4459 863 4541 locis
901 4460 1342 4556 quibusdam
1375 4461 1711 4554 quamvis
1745 4462 2009 4556 paucis
2043 4468 2350 4535 testatus
2386 4471 2503 4537 est
2527 4459 2838 4535 Carolus

553 4589 856 4673 Abicht
950 4598 1035 4669 ut
1069 4590 1154 4667 in
1185 4591 1326 4673 hoc
1360 4589 1552 4667 libro
1586 4597 1665 4666 et
1698 4598 2060 4671 vetustate
2104 4599 2183 4672 et
2216 4589 2575 4695 dignitate
2613 4589 2840 4691 plane
