<?xml version="1.0" encoding="UTF-8"?>
<!DOCTYPE html PUBLIC "-//W3C//DTD XHTML 1.0 Transitional//EN"
    "http://www.w3.org/TR/xhtml1/DTD/xhtml1-transitional.dtd">
<html xmlns="http://www.w3.org/1999/xhtml" xml:lang="en" lang="en">
 <head>
  <title>
</title>
<meta http-equiv="Content-Type" content="text/html;charset=utf-8" />
  <meta name='ocr-system' content='tesseract 3.04.00' />
  <meta name='ocr-capabilities' content='ocr_page ocr_carea ocr_par ocr_line ocrx_word'/>
</head>
<body>
  <div class='ocr_page' id='page_1' title='image "./herodotihistori00unkngoog/herodotihistori00unkngoog_0223.png"; bbox 0 0 3059 5125; ppageno 0'>
   <div class='ocr_carea' id='block_1_1' title="bbox 1082 329 2428 392">
    <p class='ocr_par' dir='ltr' id='par_1_1' title="bbox 1082 329 2428 392">
     <span class='ocr_line' id='line_1_1' title="bbox 1082 329 2428 392; baseline 0.01 -17"><span class='ocrx_word' id='word_1_1' title='bbox 1082 329 1489 392; x_wconf 79' lang='grc' dir='ltr'>-Α-</span> <span class='ocrx_word' id='word_1_2' title='bbox 2315 329 2428 391; x_wconf 81' lang='grc'><strong>137</strong></span> 
     </span>
    </p>
   </div>
   <div class='ocr_carea' id='block_1_2' title="bbox 103 501 2581 3244">
    <p class='ocr_par' dir='ltr' id='par_1_2' title="bbox 103 501 2581 3244">
     <span class='ocr_line' id='line_1_2' title="bbox 197 501 2434 605; baseline -0.002 -28"><span class='ocrx_word' id='word_1_3' title='bbox 197 504 488 603; x_wconf 86' lang='grc' dir='ltr'>συνέβαλε</span> <span class='ocrx_word' id='word_1_4' title='bbox 543 501 772 603; x_wconf 80' lang='grc' dir='ltr'>Κύρῳ.</span> <span class='ocrx_word' id='word_1_5' title='bbox 898 506 1149 603; x_wconf 89' lang='grc' dir='ltr'>ταύτην</span> <span class='ocrx_word' id='word_1_6' title='bbox 1214 508 1336 603; x_wconf 75' lang='grc' dir='ltr'>τὴν</span> <span class='ocrx_word' id='word_1_7' title='bbox 1394 505 1660 603; x_wconf 88' lang='grc' dir='ltr'>μάχην,</span> <span class='ocrx_word' id='word_1_8' title='bbox 1720 504 1872 577; x_wconf 78' lang='grc' dir='ltr'>ὅσαι</span> <span class='ocrx_word' id='word_1_9' title='bbox 1928 502 2015 602; x_wconf 81' lang='grc' dir='ltr'>δὴ</span> <span class='ocrx_word' id='word_1_10' title='bbox 2075 501 2434 605; x_wconf 84' lang='grc' dir='ltr'>βαρβάρων</span> 
     </span>
     <span class='ocr_line' id='line_1_3' title="bbox 197 622 2433 723; baseline -0 -29"><span class='ocrx_word' id='word_1_11' title='bbox 197 622 426 720; x_wconf 81' lang='grc' dir='ltr'>ἀνδρῶν</span> <span class='ocrx_word' id='word_1_12' title='bbox 460 625 670 721; x_wconf 85' lang='grc' dir='ltr'>μάχαι</span> <span class='ocrx_word' id='word_1_13' title='bbox 707 625 1032 722; x_wconf 82' lang='grc' dir='ltr'>ἐγένοντο,</span> <span class='ocrx_word' id='word_1_14' title='bbox 1088 629 1289 722; x_wconf 87' lang='grc' dir='ltr'>κρίνω</span> <span class='ocrx_word' id='word_1_15' title='bbox 1342 623 1785 723; x_wconf 75' lang='grc' dir='ltr'>ἰσχυροτάτην</span> <span class='ocrx_word' id='word_1_16' title='bbox 1822 622 2159 721; x_wconf 78' lang='grc' dir='ltr'>γενέσθαι,</span> <span class='ocrx_word' id='word_1_17' title='bbox 2202 626 2308 694; x_wconf 86' lang='grc' dir='ltr'>καὶ</span> <span class='ocrx_word' id='word_1_18' title='bbox 2346 622 2433 720; x_wconf 83' lang='grc' dir='ltr'>δὴ</span> 
     </span>
     <span class='ocr_line' id='line_1_4' title="bbox 196 741 2433 842; baseline -0 -28"><span class='ocrx_word' id='word_1_19' title='bbox 196 746 284 815; x_wconf 79' lang='grc' dir='ltr'>καὶ</span> <span class='ocrx_word' id='word_1_20' title='bbox 315 743 723 839; x_wconf 74' lang='grc' dir='ltr'>τωνθάνομαι</span> <span class='ocrx_word' id='word_1_21' title='bbox 763 743 940 818; x_wconf 79' lang='grc' dir='ltr'>οὕτω</span> <span class='ocrx_word' id='word_1_22' title='bbox 981 750 1176 816; x_wconf 82' lang='grc' dir='ltr'>τοῦτο</span> <span class='ocrx_word' id='word_1_23' title='bbox 1214 747 1595 840; x_wconf 76' lang='grc' dir='ltr'>γενόμενον.</span> <span class='ocrx_word' id='word_1_24' title='bbox 1688 752 1925 842; x_wconf 85' lang='grc' dir='ltr'>πρῶτα</span> <span class='ocrx_word' id='word_1_25' title='bbox 1965 741 2085 838; x_wconf 80' lang='grc' dir='ltr'>μὲν</span> <span class='ocrx_word' id='word_1_26' title='bbox 2140 743 2265 841; x_wconf 83' lang='grc' dir='ltr'>γὰρ</span> <span class='ocrx_word' id='word_1_27' title='bbox 2319 742 2433 814; x_wconf 87' lang='grc' dir='ltr'>λέ-</span> 
     </span>
     <span class='ocr_line' id='line_1_5' title="bbox 193 861 2439 963; baseline -0.001 -27"><span class='ocrx_word' id='word_1_28' title='bbox 193 889 351 962; x_wconf 87' lang='grc' dir='ltr'>γεται</span> <span class='ocrx_word' id='word_1_29' title='bbox 385 863 626 944; x_wconf 83' lang='grc' dir='ltr'>αὐτοὺς</span> <span class='ocrx_word' id='word_1_30' title='bbox 664 864 1061 947; x_wconf 78' lang='grc' dir='ltr'>διαστάντας</span> <span class='ocrx_word' id='word_1_31' title='bbox 1099 864 1170 944; x_wconf 84' lang='grc' dir='ltr'>ές</span> <span class='ocrx_word' id='word_1_32' title='bbox 1206 862 1551 963; x_wconf 79' lang='grc' dir='ltr'>ἀλλήλους</span> <span class='ocrx_word' id='word_1_33' title='bbox 1595 864 1906 947; x_wconf 76' lang='grc' dir='ltr'>τοξεύειν,</span> <span class='ocrx_word' id='word_1_34' title='bbox 1973 861 2139 958; x_wconf 80' lang='grc' dir='ltr'>μετὰ</span> <span class='ocrx_word' id='word_1_35' title='bbox 2185 862 2278 945; x_wconf 86' lang='grc' dir='ltr'>δέ,</span> <span class='ocrx_word' id='word_1_36' title='bbox 2342 866 2439 944; x_wconf 80' lang='grc' dir='ltr'>ὥς</span> 
     </span>
     <span class='ocr_line' id='line_1_6' title="bbox 135 982 2437 1085; baseline 0.002 -34"><span class='ocrx_word' id='word_1_37' title='bbox 135 1006 161 1051; x_wconf 78' lang='lat'>5</span> <span class='ocrx_word' id='word_1_38' title='bbox 192 1009 292 1081; x_wconf 83' lang='grc' dir='ltr'>σφι</span> <span class='ocrx_word' id='word_1_39' title='bbox 323 982 398 1054; x_wconf 86' lang='grc' dir='ltr'>τὰ</span> <span class='ocrx_word' id='word_1_40' title='bbox 431 984 634 1085; x_wconf 80' lang='grc' dir='ltr'>βέλεα</span> <span class='ocrx_word' id='word_1_41' title='bbox 677 984 1147 1066; x_wconf 78' lang='grc' dir='ltr'>ἐξετετόξευτο.</span> <span class='ocrx_word' id='word_1_42' title='bbox 1198 985 1660 1078; x_wconf 81' lang='grc' dir='ltr'>συμπεσόντας</span> <span class='ocrx_word' id='word_1_43' title='bbox 1702 986 1858 1081; x_wconf 80' lang='grc' dir='ltr'>τῇσι</span> <span class='ocrx_word' id='word_1_44' title='bbox 1898 984 2186 1082; x_wconf 77' lang='grc' dir='ltr'>αἰχμῇσί</span> <span class='ocrx_word' id='word_1_45' title='bbox 2221 1010 2293 1056; x_wconf 89' lang='grc' dir='ltr'>τε</span> <span class='ocrx_word' id='word_1_46' title='bbox 2330 988 2437 1055; x_wconf 88' lang='grc' dir='ltr'>καὶ</span> 
     </span>
     <span class='ocr_line' id='line_1_7' title="bbox 187 1103 2434 1203; baseline -0 -29"><span class='ocrx_word' id='word_1_47' title='bbox 187 1105 333 1177; x_wconf 84' lang='grc' dir='ltr'>τοῖσι</span> <span class='ocrx_word' id='word_1_48' title='bbox 383 1103 832 1203; x_wconf 78' lang='grc' dir='ltr'>ἐγχειριδίοισι</span> <span class='ocrx_word' id='word_1_49' title='bbox 885 1104 1308 1202; x_wconf 81' lang='grc' dir='ltr'>συνέχεσθαι.</span> <span class='ocrx_word' id='word_1_50' title='bbox 1435 1106 1679 1201; x_wconf 84' lang='grc' dir='ltr'>χρόνον</span> <span class='ocrx_word' id='word_1_51' title='bbox 1737 1128 1811 1174; x_wconf 87' lang='grc' dir='ltr'>τε</span> <span class='ocrx_word' id='word_1_52' title='bbox 1875 1104 1959 1203; x_wconf 81' lang='grc' dir='ltr'>δὴ</span> <span class='ocrx_word' id='word_1_53' title='bbox 2019 1103 2129 1176; x_wconf 78' lang='grc' dir='ltr'>ἐπὶ</span> <span class='ocrx_word' id='word_1_54' title='bbox 2181 1103 2434 1175; x_wconf 85' lang='grc' dir='ltr'>πολλὸν</span> 
     </span>
     <span class='ocr_line' id='line_1_8' title="bbox 189 1222 2433 1322; baseline -0.001 -27"><span class='ocrx_word' id='word_1_55' title='bbox 189 1223 547 1296; x_wconf 80' lang='grc' dir='ltr'>συνεστάναι</span> <span class='ocrx_word' id='word_1_56' title='bbox 630 1225 1061 1322; x_wconf 76' lang='grc' dir='ltr'>μαχομένους</span> <span class='ocrx_word' id='word_1_57' title='bbox 1140 1227 1245 1295; x_wconf 85' lang='grc' dir='ltr'>καὶ</span> <span class='ocrx_word' id='word_1_58' title='bbox 1320 1222 1713 1322; x_wconf 77' lang='grc' dir='ltr'>οὐδετέρους</span> <span class='ocrx_word' id='word_1_59' title='bbox 1782 1222 2045 1295; x_wconf 77' lang='grc' dir='ltr'>ἐθέλειν</span> <span class='ocrx_word' id='word_1_60' title='bbox 2119 1226 2387 1321; x_wconf 78' lang='grc' dir='ltr'>φεύγειν</span> <span class='ocrx_word' id='word_1_61' title='bbox 2419 1248 2433 1262; x_wconf 85' lang='grc'><em>·</em></span> 
     </span>
     <span class='ocr_line' id='line_1_9' title="bbox 186 1339 2441 1443; baseline 0 -29"><span class='ocrx_word' id='word_1_62' title='bbox 186 1343 354 1425; x_wconf 82' lang='grc' dir='ltr'>τέλος</span> <span class='ocrx_word' id='word_1_63' title='bbox 391 1343 462 1416; x_wconf 85' lang='grc' dir='ltr'>δὲ</span> <span class='ocrx_word' id='word_1_64' title='bbox 499 1346 562 1416; x_wconf 78' lang='grc' dir='ltr'>οἱ</span> <span class='ocrx_word' id='word_1_65' title='bbox 601 1339 1044 1442; x_wconf 73' lang='grc' dir='ltr'>Μασσαγέται</span> <span class='ocrx_word' id='word_1_66' title='bbox 1093 1343 1578 1443; x_wconf 74' lang='grc' dir='ltr'>περιεγένοντο.</span> <span class='ocrx_word' id='word_1_67' title='bbox 1671 1344 1718 1440; x_wconf 77' lang='grc' dir='ltr'>ἦ</span> <span class='ocrx_word' id='word_1_68' title='bbox 1768 1368 1840 1415; x_wconf 86' lang='grc' dir='ltr'>τε</span> <span class='ocrx_word' id='word_1_69' title='bbox 1894 1345 1980 1442; x_wconf 81' lang='grc' dir='ltr'>δὴ</span> <span class='ocrx_word' id='word_1_70' title='bbox 2037 1341 2259 1443; x_wconf 84' lang='grc' dir='ltr'>πολλὴ</span> <span class='ocrx_word' id='word_1_71' title='bbox 2315 1352 2441 1442; x_wconf 89' lang='grc' dir='ltr'>τῆς</span> 
     </span>
     <span class='ocr_line' id='line_1_10' title="bbox 191 1461 2443 1566; baseline -0 -31"><span class='ocrx_word' id='word_1_72' title='bbox 191 1461 490 1566; x_wconf 79' lang='grc' dir='ltr'>Περσικῆς</span> <span class='ocrx_word' id='word_1_73' title='bbox 525 1473 849 1564; x_wconf 81' lang='grc' dir='ltr'>στρατιῆς</span> <span class='ocrx_word' id='word_1_74' title='bbox 891 1464 1100 1538; x_wconf 80' lang='grc' dir='ltr'>αὐτοῦ</span> <span class='ocrx_word' id='word_1_75' title='bbox 1146 1465 1357 1561; x_wconf 82' lang='grc' dir='ltr'>ταύτῃ</span> <span class='ocrx_word' id='word_1_76' title='bbox 1415 1461 1747 1562; x_wconf 69' lang='grc' dir='ltr'>διεφθάρη</span> <span class='ocrx_word' id='word_1_77' title='bbox 1808 1466 1914 1534; x_wconf 82' lang='grc' dir='ltr'>καὶ</span> <span class='ocrx_word' id='word_1_78' title='bbox 1964 1463 2048 1562; x_wconf 78' lang='grc' dir='ltr'>δὴ</span> <span class='ocrx_word' id='word_1_79' title='bbox 2094 1467 2202 1536; x_wconf 85' lang='grc' dir='ltr'>καὶ</span> <span class='ocrx_word' id='word_1_80' title='bbox 2240 1462 2443 1544; x_wconf 79' lang='grc' dir='ltr'>αὐτὸς</span> 
     </span>
     <span class='ocr_line' id='line_1_11' title="bbox 112 1580 2440 1686; baseline 0.002 -35"><span class='ocrx_word' id='word_1_81' title='bbox 112 1601 159 1652; x_wconf 80' lang='grc' dir='ltr'>ιο</span> <span class='ocrx_word' id='word_1_82' title='bbox 188 1580 386 1683; x_wconf 81' lang='grc' dir='ltr'>Κῦρος</span> <span class='ocrx_word' id='word_1_83' title='bbox 419 1585 726 1684; x_wconf 73' lang='grc' dir='ltr'>τελευτᾷ,</span> <span class='ocrx_word' id='word_1_84' title='bbox 786 1584 1190 1686; x_wconf 82' lang='grc' dir='ltr'>βασιλεύσας</span> <span class='ocrx_word' id='word_1_85' title='bbox 1239 1583 1321 1656; x_wconf 85' lang='grc' dir='ltr'>τὰ</span> <span class='ocrx_word' id='word_1_86' title='bbox 1356 1581 1578 1656; x_wconf 86' lang='grc' dir='ltr'>πάντα</span> <span class='ocrx_word' id='word_1_87' title='bbox 1620 1583 1768 1664; x_wconf 79' lang='grc' dir='ltr'>ἑνὸς</span> <span class='ocrx_word' id='word_1_88' title='bbox 1806 1582 2044 1654; x_wconf 87' lang='grc' dir='ltr'>δέοντα</span> <span class='ocrx_word' id='word_1_89' title='bbox 2081 1586 2440 1681; x_wconf 84' lang='grc' dir='ltr'>τριήκοντα</span> 
     </span>
     <span class='ocr_line' id='line_1_12' title="bbox 184 1700 2440 1804; baseline 0 -30"><span class='ocrx_word' id='word_1_90' title='bbox 184 1703 333 1775; x_wconf 82' lang='grc' dir='ltr'>ἔτεα.</span> <span class='ocrx_word' id='word_1_91' title='bbox 422 1701 629 1777; x_wconf 80' lang='grc' dir='ltr'>ἀσκὸν</span> <span class='ocrx_word' id='word_1_92' title='bbox 667 1704 744 1778; x_wconf 85' lang='grc' dir='ltr'>δὲ</span> <span class='ocrx_word' id='word_1_93' title='bbox 777 1705 1104 1804; x_wconf 85' lang='grc' dir='ltr'>πλήσασα</span> <span class='ocrx_word' id='word_1_94' title='bbox 1155 1702 1437 1797; x_wconf 75' lang='grc' dir='ltr'>αἵματος</span> <span class='ocrx_word' id='word_1_95' title='bbox 1484 1701 1931 1802; x_wconf 80' lang='grc' dir='ltr'>ἀνθρωπηίου</span> <span class='ocrx_word' id='word_1_96' title='bbox 1967 1700 2256 1801; x_wconf 82' lang='grc' dir='ltr'>Τόμυρις</span> <span class='ocrx_word' id='word_1_97' title='bbox 2298 1703 2440 1776; x_wconf 81' lang='grc' dir='ltr'>ἐδί-</span> 
     </span>
     <span class='ocr_line' id='line_1_13' title="bbox 184 1820 2442 1923; baseline 0 -28"><span class='ocrx_word' id='word_1_98' title='bbox 184 1824 328 1922; x_wconf 74' lang='grc' dir='ltr'>ζητο</span> <span class='ocrx_word' id='word_1_99' title='bbox 375 1824 444 1896; x_wconf 79' lang='grc' dir='ltr'>έν</span> <span class='ocrx_word' id='word_1_100' title='bbox 497 1827 671 1898; x_wconf 84' lang='grc' dir='ltr'>τοῖσι</span> <span class='ocrx_word' id='word_1_101' title='bbox 720 1824 1047 1898; x_wconf 77' lang='grc' dir='ltr'>τεθνεῶσι</span> <span class='ocrx_word' id='word_1_102' title='bbox 1099 1833 1232 1895; x_wconf 82' lang='grc' dir='ltr'>τῶν</span> <span class='ocrx_word' id='word_1_103' title='bbox 1275 1822 1594 1923; x_wconf 87' lang='grc' dir='ltr'>Περσέων</span> <span class='ocrx_word' id='word_1_104' title='bbox 1647 1826 1757 1895; x_wconf 85' lang='grc' dir='ltr'>τὸν</span> <span class='ocrx_word' id='word_1_105' title='bbox 1800 1820 2027 1921; x_wconf 87' lang='grc' dir='ltr'>Κύρου</span> <span class='ocrx_word' id='word_1_106' title='bbox 2074 1824 2291 1903; x_wconf 82' lang='grc' dir='ltr'>νέκυν,</span> <span class='ocrx_word' id='word_1_107' title='bbox 2346 1827 2442 1904; x_wconf 82' lang='grc' dir='ltr'>ὡς</span> 
     </span>
     <span class='ocr_line' id='line_1_14' title="bbox 184 1941 2440 2045; baseline 0.001 -31"><span class='ocrx_word' id='word_1_108' title='bbox 184 1941 244 2013; x_wconf 74' lang='grc' dir='ltr'>δὲ</span> <span class='ocrx_word' id='word_1_109' title='bbox 276 1944 436 2041; x_wconf 83' lang='grc' dir='ltr'>εὗρε,</span> <span class='ocrx_word' id='word_1_110' title='bbox 495 1945 796 2045; x_wconf 76' lang='grc' dir='ltr'>ἐναπῆκε</span> <span class='ocrx_word' id='word_1_111' title='bbox 855 1947 1060 2017; x_wconf 78' lang='grc' dir='ltr'>αὐτοῦ</span> <span class='ocrx_word' id='word_1_112' title='bbox 1096 1947 1217 2042; x_wconf 78' lang='grc' dir='ltr'>τὴν</span> <span class='ocrx_word' id='word_1_113' title='bbox 1257 1944 1559 2042; x_wconf 73' lang='grc' dir='ltr'>κεφαλὴν</span> <span class='ocrx_word' id='word_1_114' title='bbox 1597 1942 1668 2024; x_wconf 82' lang='grc' dir='ltr'>ἐς</span> <span class='ocrx_word' id='word_1_115' title='bbox 1712 1947 1824 2015; x_wconf 81' lang='grc' dir='ltr'>τὸν</span> <span class='ocrx_word' id='word_1_116' title='bbox 1876 1941 2102 2016; x_wconf 78' lang='grc' dir='ltr'>α’σκόν.</span> <span class='ocrx_word' id='word_1_117' title='bbox 2199 1944 2440 2037; x_wconf 87' lang='grc' dir='ltr'>λυμαι-</span> 
     </span>
     <span class='ocr_line' id='line_1_15' title="bbox 181 2058 2442 2165; baseline 0.001 -32"><span class='ocrx_word' id='word_1_118' title='bbox 181 2063 400 2163; x_wconf 87' lang='grc' dir='ltr'>νομένη</span> <span class='ocrx_word' id='word_1_119' title='bbox 442 2065 517 2138; x_wconf 81' lang='grc' dir='ltr'>δὲ</span> <span class='ocrx_word' id='word_1_120' title='bbox 553 2069 660 2161; x_wconf 80' lang='grc' dir='ltr'>τῷ</span> <span class='ocrx_word' id='word_1_121' title='bbox 686 2068 904 2165; x_wconf 81' lang='grc' dir='ltr'>νεκρῷ</span> <span class='ocrx_word' id='word_1_122' title='bbox 937 2064 1216 2162; x_wconf 85' lang='grc' dir='ltr'>ἐπέλεγε</span> <span class='ocrx_word' id='word_1_123' title='bbox 1248 2062 1425 2136; x_wconf 86' lang='grc' dir='ltr'>τάδε.</span> <span class='ocrx_word' id='word_1_124' title='bbox 1478 2058 1512 2085; x_wconf 80' lang='lat'><strong>“</strong></span> <span class='ocrx_word' id='word_1_125' title='bbox 1527 2065 1609 2137; x_wconf 85' lang='grc' dir='ltr'>σὺ</span> <span class='ocrx_word' id='word_1_126' title='bbox 1645 2061 1766 2157; x_wconf 77' lang='grc' dir='ltr'>μὲν</span> <span class='ocrx_word' id='word_1_127' title='bbox 1807 2062 1928 2158; x_wconf 79' lang='grc' dir='ltr'>ἐμὲ</span> <span class='ocrx_word' id='word_1_128' title='bbox 1966 2065 2189 2145; x_wconf 78' lang='grc' dir='ltr'>ζῶσάν</span> <span class='ocrx_word' id='word_1_129' title='bbox 2227 2090 2298 2137; x_wconf 84' lang='grc' dir='ltr'>τε</span> <span class='ocrx_word' id='word_1_130' title='bbox 2336 2067 2442 2135; x_wconf 85' lang='grc' dir='ltr'>καὶ</span> 
     </span>
     <span class='ocr_line' id='line_1_16' title="bbox 112 2182 2443 2283; baseline 0.002 -31"><span class='ocrx_word' id='word_1_131' title='bbox 112 2196 161 2247; x_wconf 74' lang='lat'>1⁵</span> <span class='ocrx_word' id='word_1_132' title='bbox 187 2185 436 2268; x_wconf 71' lang='grc' dir='ltr'>νικῶσάν</span> <span class='ocrx_word' id='word_1_133' title='bbox 475 2211 552 2258; x_wconf 86' lang='grc' dir='ltr'>σε</span> <span class='ocrx_word' id='word_1_134' title='bbox 595 2186 791 2282; x_wconf 81' lang='grc' dir='ltr'>μάχῃ</span> <span class='ocrx_word' id='word_1_135' title='bbox 832 2182 1212 2268; x_wconf 83' lang='grc' dir='ltr'>ἀπώλεσας,</span> <span class='ocrx_word' id='word_1_136' title='bbox 1267 2186 1476 2257; x_wconf 85' lang='grc' dir='ltr'>παῖδα</span> <span class='ocrx_word' id='word_1_137' title='bbox 1512 2187 1625 2256; x_wconf 80' lang='grc' dir='ltr'>τὸν</span> <span class='ocrx_word' id='word_1_138' title='bbox 1664 2184 1823 2278; x_wconf 75' lang='grc' dir='ltr'>ἐμὸν</span> <span class='ocrx_word' id='word_1_139' title='bbox 1863 2183 2037 2258; x_wconf 79' lang='grc' dir='ltr'>ἑλὼν</span> <span class='ocrx_word' id='word_1_140' title='bbox 2093 2183 2311 2283; x_wconf 82' lang='grc' dir='ltr'>δόλῳ·</span> <span class='ocrx_word' id='word_1_141' title='bbox 2366 2184 2443 2257; x_wconf 81' lang='grc' dir='ltr'>σὲ</span> 
     </span>
     <span class='ocr_line' id='line_1_17' title="bbox 185 2291 2440 2405; baseline 0.002 -34"><span class='ocrx_word' id='word_1_142' title='bbox 185 2291 232 2371; x_wconf 78' lang='grc' dir='ltr'>δ’</span> <span class='ocrx_word' id='word_1_143' title='bbox 271 2304 417 2400; x_wconf 70' lang='grc' dir='ltr'>ἐγώ,</span> <span class='ocrx_word' id='word_1_144' title='bbox 462 2305 638 2378; x_wconf 87' lang='grc' dir='ltr'>κατά</span> <span class='ocrx_word' id='word_1_145' title='bbox 671 2331 798 2405; x_wconf 86' lang='grc' dir='ltr'>περ</span> <span class='ocrx_word' id='word_1_146' title='bbox 835 2304 1205 2404; x_wconf 71' lang='grc' dir='ltr'>ἠπείλησα,</span> <span class='ocrx_word' id='word_1_147' title='bbox 1264 2301 1549 2399; x_wconf 74' lang='grc' dir='ltr'>αἵματος</span> <span class='ocrx_word' id='word_1_148' title='bbox 1598 2293 1938 2403; x_wconf 84' lang='grc' dir='ltr'>κορέσω.”</span> <span class='ocrx_word' id='word_1_149' title='bbox 2034 2302 2117 2375; x_wconf 79' lang='grc' dir='ltr'>τὰ</span> <span class='ocrx_word' id='word_1_150' title='bbox 2174 2304 2295 2399; x_wconf 83' lang='grc' dir='ltr'>μὲν</span> <span class='ocrx_word' id='word_1_151' title='bbox 2353 2304 2440 2403; x_wconf 80' lang='grc' dir='ltr'>δὴ</span> 
     </span>
     <span class='ocr_line' id='line_1_18' title="bbox 180 2422 2439 2524; baseline 0.001 -33"><span class='ocrx_word' id='word_1_152' title='bbox 180 2422 321 2494; x_wconf 78' lang='grc' dir='ltr'>κατὰ</span> <span class='ocrx_word' id='word_1_153' title='bbox 352 2429 470 2524; x_wconf 79' lang='grc' dir='ltr'>τὴν</span> <span class='ocrx_word' id='word_1_154' title='bbox 505 2423 740 2523; x_wconf 78' lang='grc' dir='ltr'>Κύρου</span> <span class='ocrx_word' id='word_1_155' title='bbox 771 2425 1088 2522; x_wconf 78' lang='grc' dir='ltr'>τελευτὴν</span> <span class='ocrx_word' id='word_1_156' title='bbox 1120 2430 1237 2496; x_wconf 80' lang='grc' dir='ltr'>τοῦ</span> <span class='ocrx_word' id='word_1_157' title='bbox 1273 2424 1441 2524; x_wconf 82' lang='grc' dir='ltr'>βίου,</span> <span class='ocrx_word' id='word_1_158' title='bbox 1472 2423 1747 2496; x_wconf 84' lang='grc' dir='ltr'>πολλῶν</span> <span class='ocrx_word' id='word_1_159' title='bbox 1784 2426 2001 2519; x_wconf 77' lang='grc' dir='ltr'>λόγων</span> <span class='ocrx_word' id='word_1_160' title='bbox 2036 2423 2439 2522; x_wconf 87' lang='grc' dir='ltr'>λεγομένων,</span> 
     </span>
     <span class='ocr_line' id='line_1_19' title="bbox 180 2541 1324 2643; baseline 0.003 -30"><span class='ocrx_word' id='word_1_161' title='bbox 180 2541 275 2615; x_wconf 78' lang='grc' dir='ltr'>ὅδε</span> <span class='ocrx_word' id='word_1_162' title='bbox 309 2572 414 2638; x_wconf 86' lang='grc' dir='ltr'>μοι</span> <span class='ocrx_word' id='word_1_163' title='bbox 455 2547 489 2617; x_wconf 75' lang='grc' dir='ltr'>ὁ</span> <span class='ocrx_word' id='word_1_164' title='bbox 525 2543 1005 2626; x_wconf 79' lang='grc' dir='ltr'>πιθανώτατος</span> <span class='ocrx_word' id='word_1_165' title='bbox 1042 2546 1324 2643; x_wconf 79' lang='grc' dir='ltr'>εἴρηται.</span> 
     </span>
     <span class='ocr_line' id='line_1_20' title="bbox 311 2662 2581 2766; baseline 0 -28"><span class='ocrx_word' id='word_1_166' title='bbox 311 2662 754 2764; x_wconf 83' lang='grc' dir='ltr'>Μασσαγέται</span> <span class='ocrx_word' id='word_1_167' title='bbox 806 2664 881 2737; x_wconf 83' lang='grc' dir='ltr'>δὲ</span> <span class='ocrx_word' id='word_1_168' title='bbox 930 2665 1190 2766; x_wconf 78' lang='grc' dir='ltr'>ἐσθῆτά</span> <span class='ocrx_word' id='word_1_169' title='bbox 1233 2691 1308 2736; x_wconf 90' lang='grc' dir='ltr'>τε</span> <span class='ocrx_word' id='word_1_170' title='bbox 1357 2665 1597 2763; x_wconf 73' lang='grc' dir='ltr'>ὁμοίην</span> <span class='ocrx_word' id='word_1_171' title='bbox 1649 2667 1735 2763; x_wconf 82' lang='grc' dir='ltr'>τῇ</span> <span class='ocrx_word' id='word_1_172' title='bbox 1774 2665 2072 2765; x_wconf 80' lang='grc' dir='ltr'>Σκυθικῇ</span> <span class='ocrx_word' id='word_1_173' title='bbox 2118 2666 2581 2765; x_wconf 78' lang='grc' dir='ltr'>φορέουσι215</span> 
     </span>
     <span class='ocr_line' id='line_1_21' title="bbox 103 2783 2443 2885; baseline 0 -31"><span class='ocrx_word' id='word_1_174' title='bbox 103 2794 148 2846; x_wconf 77' lang='lat'>²⁰</span> <span class='ocrx_word' id='word_1_175' title='bbox 177 2787 266 2855; x_wconf 81' lang='grc' dir='ltr'>καὶ</span> <span class='ocrx_word' id='word_1_176' title='bbox 301 2785 552 2859; x_wconf 87' lang='grc' dir='ltr'>δίαιταν</span> <span class='ocrx_word' id='word_1_177' title='bbox 595 2786 852 2884; x_wconf 81' lang='grc' dir='ltr'>ἔχουσι,</span> <span class='ocrx_word' id='word_1_178' title='bbox 914 2787 1185 2856; x_wconf 78' lang='grc' dir='ltr'>ίππόται</span> <span class='ocrx_word' id='word_1_179' title='bbox 1240 2784 1314 2856; x_wconf 90' lang='grc' dir='ltr'>δέ</span> <span class='ocrx_word' id='word_1_180' title='bbox 1367 2785 1492 2857; x_wconf 84' lang='grc' dir='ltr'>είσι</span> <span class='ocrx_word' id='word_1_181' title='bbox 1546 2787 1654 2857; x_wconf 84' lang='grc' dir='ltr'>καὶ</span> <span class='ocrx_word' id='word_1_182' title='bbox 1704 2783 1975 2859; x_wconf 85' lang='grc' dir='ltr'>ἄνιπποι</span> <span class='ocrx_word' id='word_1_183' title='bbox 2017 2783 2443 2885; x_wconf 79' lang='grc' dir='ltr'>(ἀμφοτέρων</span> 
     </span>
     <span class='ocr_line' id='line_1_22' title="bbox 177 2902 2440 3004; baseline -0.001 -26"><span class='ocrx_word' id='word_1_184' title='bbox 177 2902 283 3003; x_wconf 77' lang='grc' dir='ltr'>γὰρ</span> <span class='ocrx_word' id='word_1_185' title='bbox 320 2906 706 3004; x_wconf 84' lang='grc' dir='ltr'>μετέχουσι)</span> <span class='ocrx_word' id='word_1_186' title='bbox 748 2908 856 2976; x_wconf 86' lang='grc' dir='ltr'>καὶ</span> <span class='ocrx_word' id='word_1_187' title='bbox 889 2905 1153 2986; x_wconf 76' lang='grc' dir='ltr'>τοξόται</span> <span class='ocrx_word' id='word_1_188' title='bbox 1195 2929 1267 2976; x_wconf 89' lang='grc' dir='ltr'>τε</span> <span class='ocrx_word' id='word_1_189' title='bbox 1314 2907 1423 2976; x_wconf 87' lang='grc' dir='ltr'>καὶ</span> <span class='ocrx_word' id='word_1_190' title='bbox 1460 2905 1889 3003; x_wconf 71' lang='grc' dir='ltr'>αἰχμοφόροι,</span> <span class='ocrx_word' id='word_1_191' title='bbox 1934 2907 2213 3003; x_wconf 88' lang='grc' dir='ltr'>σαγάρις</span> <span class='ocrx_word' id='word_1_192' title='bbox 2248 2910 2440 2998; x_wconf 87' lang='grc' dir='ltr'>νομί-</span> 
     </span>
     <span class='ocr_line' id='line_1_23' title="bbox 178 3023 2439 3124; baseline 0.001 -30"><span class='ocrx_word' id='word_1_193' title='bbox 178 3023 377 3106; x_wconf 73' lang='grc' dir='ltr'>ζοντες</span> <span class='ocrx_word' id='word_1_194' title='bbox 430 3026 642 3123; x_wconf 85' lang='grc' dir='ltr'>ἔχειν.</span> <span class='ocrx_word' id='word_1_195' title='bbox 771 3027 1008 3124; x_wconf 80' lang='grc' dir='ltr'>χρυσῷ</span> <span class='ocrx_word' id='word_1_196' title='bbox 1064 3023 1138 3096; x_wconf 82' lang='grc' dir='ltr'>δὲ</span> <span class='ocrx_word' id='word_1_197' title='bbox 1195 3027 1304 3096; x_wconf 83' lang='grc' dir='ltr'>καὶ</span> <span class='ocrx_word' id='word_1_198' title='bbox 1360 3024 1601 3121; x_wconf 81' lang='grc' dir='ltr'>χαλκῷ</span> <span class='ocrx_word' id='word_1_199' title='bbox 1659 3023 1742 3095; x_wconf 77' lang='grc' dir='ltr'>τὰ</span> <span class='ocrx_word' id='word_1_200' title='bbox 1791 3025 2013 3097; x_wconf 87' lang='grc' dir='ltr'>πάντα</span> <span class='ocrx_word' id='word_1_201' title='bbox 2066 3024 2439 3124; x_wconf 90' lang='grc' dir='ltr'>χρέωνται·</span> 
     </span>
     <span class='ocr_line' id='line_1_24' title="bbox 179 3141 2444 3244; baseline 0.002 -33"><span class='ocrx_word' id='word_1_202' title='bbox 179 3141 285 3216; x_wconf 80' lang='grc' dir='ltr'>ὅσα</span> <span class='ocrx_word' id='word_1_203' title='bbox 333 3144 452 3239; x_wconf 84' lang='grc' dir='ltr'>μὲν</span> <span class='ocrx_word' id='word_1_204' title='bbox 508 3145 641 3243; x_wconf 76' lang='grc' dir='ltr'>γὰρ</span> <span class='ocrx_word' id='word_1_205' title='bbox 697 3143 767 3224; x_wconf 84' lang='grc' dir='ltr'>ἐς</span> <span class='ocrx_word' id='word_1_206' title='bbox 825 3141 1074 3242; x_wconf 82' lang='grc' dir='ltr'>αἰχμὰς</span> <span class='ocrx_word' id='word_1_207' title='bbox 1128 3146 1237 3215; x_wconf 87' lang='grc' dir='ltr'>καὶ</span> <span class='ocrx_word' id='word_1_208' title='bbox 1286 3142 1474 3242; x_wconf 83' lang='grc' dir='ltr'>ἄρδις</span> <span class='ocrx_word' id='word_1_209' title='bbox 1535 3146 1645 3215; x_wconf 85' lang='grc' dir='ltr'>καὶ</span> <span class='ocrx_word' id='word_1_210' title='bbox 1703 3143 2012 3244; x_wconf 86' lang='grc' dir='ltr'>σαγάρις,</span> <span class='ocrx_word' id='word_1_211' title='bbox 2074 3144 2316 3243; x_wconf 82' lang='grc' dir='ltr'>χαλκῷ</span> <span class='ocrx_word' id='word_1_212' title='bbox 2360 3142 2444 3215; x_wconf 83' lang='grc' dir='ltr'>τὰ</span> 
     </span>
    </p>
   </div>
   <div class='ocr_carea' id='block_1_3' title="bbox 359 3374 2441 3559">
    <p class='ocr_par' dir='ltr' id='par_1_3' title="bbox 359 3374 2441 3559">
     <span class='ocr_line' id='line_1_25' title="bbox 460 3374 2441 3541; baseline -0.001 -69"><span class='ocrx_word' id='word_1_213' title='bbox 460 3419 610 3491; x_wconf 81' lang='grc' dir='ltr'>μα’χη</span> <span class='ocrx_word' id='word_1_214' title='bbox 637 3413 967 3541; x_wconf 49' lang='grc' dir='ltr'>Κύῧοένπρὸς</span> <span class='ocrx_word' id='word_1_215' title='bbox 991 3374 1328 3488; x_wconf 79' lang='grc' dir='ltr'>Μασσαγέτας</span> <span class='ocrx_word' id='word_1_216' title='bbox 1352 3418 1440 3472; x_wconf 80' lang='grc' dir='ltr'>καὶ</span> <span class='ocrx_word' id='word_1_217' title='bbox 1461 3416 1677 3487; x_wconf 86' lang='grc' dir='ltr'>τελευτή</span> <span class='ocrx_word' id='word_1_218' title='bbox 1842 3416 1955 3489; x_wconf 81' lang='grc' dir='ltr'>περὶ</span> <span class='ocrx_word' id='word_1_219' title='bbox 1978 3423 2072 3487; x_wconf 81' lang='grc' dir='ltr'>τῆς</span> <span class='ocrx_word' id='word_1_220' title='bbox 2096 3413 2441 3490; x_wconf 77' lang='grc' dir='ltr'>Μασσαγετῶν</span> 
     </span>
     <span class='ocr_line' id='line_1_26' title="bbox 359 3486 1144 3559; baseline 0.001 -21"><span class='ocrx_word' id='word_1_221' title='bbox 359 3486 556 3559; x_wconf 79' lang='grc' dir='ltr'>διαίτης</span> <span class='ocrx_word' id='word_1_222' title='bbox 581 3487 675 3540; x_wconf 67' lang='grc' dir='ltr'>καὶ</span> <span class='ocrx_word' id='word_1_223' title='bbox 701 3486 726 3539; x_wconf 81' lang='grc' dir='ltr'>ἐ</span> <span class='ocrx_word' id='word_1_224' title='bbox 858 3487 948 3539; x_wconf 72' lang='grc' dir='ltr'>’καὶ</span> <span class='ocrx_word' id='word_1_225' title='bbox 969 3486 1144 3556; x_wconf 82' lang='grc' dir='ltr'>νόμων</span> 
     </span>
    </p>
   </div>
   <div class='ocr_carea' id='block_1_4' title="bbox 563 3646 782 3654">
    <p class='ocr_par' dir='ltr' id='par_1_4' title="bbox 563 3646 782 3654">
     <span class='ocr_line' id='line_1_27' title="bbox 563 3646 782 3654; baseline 0 1471"><span class='ocrx_word' id='word_1_226' title='bbox 563 3646 782 3654; x_wconf 95' lang='lat' dir='ltr'> </span> 
     </span>
    </p>
   </div>
   <div class='ocr_carea' id='block_1_5' title="bbox 265 3744 2439 3879">
    <p class='ocr_par' dir='ltr' id='par_1_5' title="bbox 265 3744 2439 3879">
     <span class='ocr_line' id='line_1_28' title="bbox 363 3744 2439 3817; baseline 0.001 -20"><span class='ocrx_word' id='word_1_227' title='bbox 363 3748 440 3799; x_wconf 92' lang='grc'>13.</span> <span class='ocrx_word' id='word_1_228' title='bbox 482 3747 546 3800; x_wconf 91' lang='grc' dir='ltr'>λυ</span> <span class='ocrx_word' id='word_1_229' title='bbox 552 3745 896 3817; x_wconf 79' lang='grc' dir='ltr'>μα-ινομένη</span> <span class='ocrx_word' id='word_1_230' title='bbox 927 3747 985 3797; x_wconf 87' lang='grc'><strong>14</strong></span> <span class='ocrx_word' id='word_1_231' title='bbox 1012 3745 1132 3799; x_wconf 84' lang='grc' dir='ltr'>τάδε</span> <span class='ocrx_word' id='word_1_232' title='bbox 1157 3745 1466 3801; x_wconf 73' lang='lat' dir='ltr'><strong>Priscianus</strong></span> <span class='ocrx_word' id='word_1_233' title='bbox 1493 3744 1689 3800; x_wconf 89' lang='lat' dir='ltr'>XVIII</span> <span class='ocrx_word' id='word_1_234' title='bbox 1719 3747 1836 3799; x_wconf 81' lang='lat'><strong>236.</strong></span> <span class='ocrx_word' id='word_1_235' title='bbox 1885 3776 1943 3784; x_wconf 76' lang='lat'>--·</span> <span class='ocrx_word' id='word_1_236' title='bbox 1983 3746 2188 3801; x_wconf 84' lang='lat' dir='ltr'><strong>ibidem</strong></span> <span class='ocrx_word' id='word_1_237' title='bbox 2219 3748 2333 3799; x_wconf 88' lang='grc'><strong>139.</strong></span> <span class='ocrx_word' id='word_1_238' title='bbox 2377 3772 2439 3786; x_wconf 60' lang='grc' dir='ltr'>-ν</span> 
     </span>
     <span class='ocr_line' id='line_1_29' title="bbox 265 3767 1024 3879; baseline 0.011 -14"><span class='ocrx_word' id='word_1_239' title='bbox 265 3816 341 3867; x_wconf 80' lang='lat'>21.</span> <span class='ocrx_word' id='word_1_240' title='bbox 379 3767 683 3879; x_wconf 35' lang='grc' dir='ltr'>Λέξειςμ-</span> <span class='ocrx_word' id='word_1_241' title='bbox 724 3817 809 3867; x_wconf 88' lang='grc'>23.</span> <span class='ocrx_word' id='word_1_242' title='bbox 848 3813 1024 3879; x_wconf 78' lang='grc' dir='ltr'>Λέξεις</span> 
     </span>
    </p>
   </div>
   <div class='ocr_carea' id='block_1_6' title="bbox 181 3982 2443 4131">
    <p class='ocr_par' dir='ltr' id='par_1_6' title="bbox 181 3982 2443 4131">
     <span class='ocr_line' id='line_1_30' title="bbox 263 3982 2443 4060; baseline 0.002 -22"><span class='ocrx_word' id='word_1_243' title='bbox 263 3982 529 4056; x_wconf 80' lang='grc' dir='ltr'>·1.ἐς’]έπ</span> <span class='ocrx_word' id='word_1_244' title='bbox 557 3990 612 4044; x_wconf 91' lang='grc' dir='ltr'><strong><em>Ρ</em></strong></span> <span class='ocrx_word' id='word_1_245' title='bbox 662 3990 685 4053; x_wconf 79' lang='grc' dir='ltr'>ΙΙ</span> <span class='ocrx_word' id='word_1_246' title='bbox 744 3991 793 4040; x_wconf 96' lang='grc'>5.</span> <span class='ocrx_word' id='word_1_247' title='bbox 834 3987 1144 4051; x_wconf 72' lang='grc' dir='ltr'>ἐξετοξεύιτο</span> <span class='ocrx_word' id='word_1_248' title='bbox 1174 3990 1292 4042; x_wconf 67' lang='grc' dir='ltr'>Βάκ</span> <span class='ocrx_word' id='word_1_249' title='bbox 1344 3990 1455 4054; x_wconf 72' lang='lat' dir='ltr'>ss*</span> <span class='ocrx_word' id='word_1_250' title='bbox 1466 4031 1476 4041; x_wconf 90' lang='lat'><strong>.</strong></span> <span class='ocrx_word' id='word_1_251' title='bbox 1519 3982 1625 4042; x_wconf 77' lang='grc' dir='ltr'>οὐδ’</span> <span class='ocrx_word' id='word_1_252' title='bbox 1650 3987 1852 4059; x_wconf 76' lang='grc' dir='ltr'>ἑτέρους</span> <span class='ocrx_word' id='word_1_253' title='bbox 1885 3990 1933 4043; x_wconf 80' lang='lat' dir='ltr'><em>C</em></span> <span class='ocrx_word' id='word_1_254' title='bbox 1983 3991 2004 4053; x_wconf 92' lang='grc' dir='ltr'>ΙΙ</span> <span class='ocrx_word' id='word_1_255' title='bbox 2064 3990 2115 4042; x_wconf 89' lang='grc'><strong>8.</strong></span> <span class='ocrx_word' id='word_1_256' title='bbox 2157 3989 2443 4060; x_wconf 80' lang='grc' dir='ltr'>μασαγέτας</span> 
     </span>
     <span class='ocr_line' id='line_1_31' title="bbox 181 4010 2442 4131; baseline 0 -21"><span class='ocrx_word' id='word_1_257' title='bbox 181 4053 212 4103; x_wconf 76' lang='lat' dir='ltr'><strong><em>d</em></strong></span> <span class='ocrx_word' id='word_1_258' title='bbox 274 4058 295 4119; x_wconf 73' lang='lat' dir='ltr'><strong>R</strong></span> <span class='ocrx_word' id='word_1_259' title='bbox 369 4058 720 4131; x_wconf 65' lang='grc' dir='ltr'>περιεγένοντο</span> <span class='ocrx_word' id='word_1_260' title='bbox 748 4058 872 4111; x_wconf 77' lang='lat' dir='ltr'>Ra.</span> <span class='ocrx_word' id='word_1_261' title='bbox 909 4058 1258 4130; x_wconf 82' lang='grc' dir='ltr'>περιεγενέατο</span> <span class='ocrx_word' id='word_1_262' title='bbox 1329 4060 1353 4124; x_wconf 87' lang='grc' dir='ltr'>ΙΙ</span> <span class='ocrx_word' id='word_1_263' title='bbox 1429 4010 1479 4112; x_wconf 81' lang='grc'><strong>9.</strong></span> <span class='ocrx_word' id='word_1_264' title='bbox 1522 4057 1678 4111; x_wconf 74' lang='grc' dir='ltr'>αὑτοῦ</span> <span class='ocrx_word' id='word_1_265' title='bbox 1704 4064 1942 4129; x_wconf 81' lang='grc' dir='ltr'>στρατιῆς</span> <span class='ocrx_word' id='word_1_266' title='bbox 1968 4076 1994 4110; x_wconf 78' lang='lat' dir='ltr'><em>z</em></span> <span class='ocrx_word' id='word_1_267' title='bbox 2087 4061 2109 4124; x_wconf 85' lang='grc' dir='ltr'>ΙΙ</span> <span class='ocrx_word' id='word_1_268' title='bbox 2207 4061 2287 4111; x_wconf 86' lang='grc'>10.</span> <span class='ocrx_word' id='word_1_269' title='bbox 2329 4058 2442 4112; x_wconf 81' lang='grc' dir='ltr'>δέον</span> 
     </span>
    </p>
   </div>
   <div class='ocr_carea' id='block_1_7' title="bbox 177 4144 2445 4368">
    <p class='ocr_par' dir='ltr' id='par_1_7' title="bbox 177 4144 2445 4367">
     <span class='ocr_line' id='line_1_32' title="bbox 179 4144 2444 4233; baseline 0.002 -23"><span class='ocrx_word' id='word_1_270' title='bbox 179 4160 240 4210; x_wconf 65' lang='grc' dir='ltr'>ΑΙ</span> <span class='ocrx_word' id='word_1_271' title='bbox 325 4164 347 4225; x_wconf 77' lang='grc' dir='ltr'>[Ι</span> <span class='ocrx_word' id='word_1_272' title='bbox 443 4163 522 4214; x_wconf 90' lang='grc'>11.</span> <span class='ocrx_word' id='word_1_273' title='bbox 568 4144 708 4223; x_wconf 73' lang='grc' dir='ltr'>ἐδίζε</span> <span class='ocrx_word' id='word_1_274' title='bbox 745 4181 773 4215; x_wconf 91' lang='grc' dir='ltr'>ο</span> <span class='ocrx_word' id='word_1_275' title='bbox 801 4162 875 4225; x_wconf 81' lang='lat' dir='ltr'>R,</span> <span class='ocrx_word' id='word_1_276' title='bbox 904 4161 1095 4224; x_wconf 74' lang='grc' dir='ltr'>ἐδίζετο</span> <span class='ocrx_word' id='word_1_277' title='bbox 1122 4163 1184 4215; x_wconf 80' lang='lat' dir='ltr'>dz</span> <span class='ocrx_word' id='word_1_278' title='bbox 1272 4164 1294 4226; x_wconf 80' lang='grc' dir='ltr'>ΙΙ</span> <span class='ocrx_word' id='word_1_279' title='bbox 1392 4164 1471 4214; x_wconf 89' lang='grc'>13.</span> <span class='ocrx_word' id='word_1_280' title='bbox 1514 4162 1803 4233; x_wconf 80' lang='grc' dir='ltr'>ἐπανῆπτε</span> <span class='ocrx_word' id='word_1_281' title='bbox 1797 4164 1961 4217; x_wconf 79' lang='lat' dir='ltr'>ABG</span> <span class='ocrx_word' id='word_1_282' title='bbox 2033 4164 2055 4226; x_wconf 94' lang='grc' dir='ltr'>ΙΙ</span> <span class='ocrx_word' id='word_1_283' title='bbox 2152 4164 2231 4215; x_wconf 84' lang='grc'>14.</span> <span class='ocrx_word' id='word_1_284' title='bbox 2272 4162 2444 4216; x_wconf 79' lang='grc' dir='ltr'>τοιάδε</span> 
     </span>
     <span class='ocr_line' id='line_1_33' title="bbox 177 4179 2445 4303; baseline 0.003 -25"><span class='ocrx_word' id='word_1_285' title='bbox 177 4224 322 4281; x_wconf 68' lang='lat' dir='ltr'><strong>Prisc.</strong></span> <span class='ocrx_word' id='word_1_286' title='bbox 380 4233 402 4293; x_wconf 86' lang='grc'><strong>11</strong></span> <span class='ocrx_word' id='word_1_287' title='bbox 461 4231 556 4299; x_wconf 78' lang='grc' dir='ltr'>ἐμε</span> <span class='ocrx_word' id='word_1_288' title='bbox 559 4236 589 4282; x_wconf 77' lang='grc' dir='ltr'><strong>ὖ</strong></span> <span class='ocrx_word' id='word_1_289' title='bbox 615 4250 642 4283; x_wconf 84' lang='lat' dir='ltr'><em>z</em></span> <span class='ocrx_word' id='word_1_290' title='bbox 651 4179 746 4295; x_wconf 55' lang='lat' dir='ltr'>W</span> <span class='ocrx_word' id='word_1_291' title='bbox 779 4230 1003 4292; x_wconf 73' lang='grc' dir='ltr'>ζώουσαν</span> <span class='ocrx_word' id='word_1_292' title='bbox 1036 4233 1093 4296; x_wconf 82' lang='grc' dir='ltr'>Ο,</span> <span class='ocrx_word' id='word_1_293' title='bbox 1124 4230 1262 4301; x_wconf 73' lang='grc' dir='ltr'>ζώση</span> <span class='ocrx_word' id='word_1_294' title='bbox 1268 4249 1343 4289; x_wconf 68' lang='grc' dir='ltr'>ςε</span> <span class='ocrx_word' id='word_1_295' title='bbox 1407 4234 1429 4296; x_wconf 75' lang='lat' dir='ltr'>n</span> <span class='ocrx_word' id='word_1_296' title='bbox 1500 4234 1581 4284; x_wconf 90' lang='grc'>15.</span> <span class='ocrx_word' id='word_1_297' title='bbox 1622 4234 1749 4283; x_wconf 55' lang='lat' dir='ltr'>m&amp;</span> <span class='ocrx_word' id='word_1_298' title='bbox 1820 4250 1895 4290; x_wconf 68' lang='grc' dir='ltr'>ςκ</span> <span class='ocrx_word' id='word_1_299' title='bbox 1952 4232 1975 4297; x_wconf 83' lang='grc' dir='ltr'>ΙΙ</span> <span class='ocrx_word' id='word_1_300' title='bbox 2032 4231 2085 4290; x_wconf 81' lang='grc' dir='ltr'>ἐς</span> <span class='ocrx_word' id='word_1_301' title='bbox 2112 4231 2257 4303; x_wconf 79' lang='grc' dir='ltr'>μάχη</span> <span class='ocrx_word' id='word_1_302' title='bbox 2285 4232 2360 4296; x_wconf 81' lang='lat' dir='ltr'>R,</span> <span class='ocrx_word' id='word_1_303' title='bbox 2391 4232 2445 4291; x_wconf 87' lang='grc' dir='ltr'>ἐς</span> 
     </span>
     <span class='ocr_line' id='line_1_34' title="bbox 179 4247 2445 4368; baseline 0.001 -18"><span class='ocrx_word' id='word_1_304' title='bbox 179 4296 415 4368; x_wconf 64' lang='grc' dir='ltr'>μάχηνιὶκ</span> <span class='ocrx_word' id='word_1_305' title='bbox 471 4249 556 4366; x_wconf 72' lang='grc' dir='ltr'>ΙΙμε</span> <span class='ocrx_word' id='word_1_306' title='bbox 560 4302 641 4352; x_wconf 83' lang='grc'>16.</span> <span class='ocrx_word' id='word_1_307' title='bbox 684 4298 865 4354; x_wconf 55' lang='lat' dir='ltr'>&amp;Ra</span> <span class='ocrx_word' id='word_1_308' title='bbox 914 4303 936 4365; x_wconf 81' lang='lat' dir='ltr'>n</span> <span class='ocrx_word' id='word_1_309' title='bbox 999 4301 1079 4351; x_wconf 89' lang='grc'>18.</span> <span class='ocrx_word' id='word_1_310' title='bbox 1121 4247 1262 4353; x_wconf 66' lang='grc' dir='ltr'>ὦὸέη</span> <span class='ocrx_word' id='word_1_311' title='bbox 1249 4301 1323 4362; x_wconf 77' lang='lat' dir='ltr'>R,</span> <span class='ocrx_word' id='word_1_312' title='bbox 1354 4300 1518 4354; x_wconf 78' lang='grc' dir='ltr'>ὠδέά</span> <span class='ocrx_word' id='word_1_313' title='bbox 1561 4303 1583 4367; x_wconf 86' lang='grc' dir='ltr'>ΙΙ</span> <span class='ocrx_word' id='word_1_314' title='bbox 1630 4299 1783 4355; x_wconf 71' lang='grc' dir='ltr'>πιθαν</span> <span class='ocrx_word' id='word_1_315' title='bbox 1845 4318 1963 4360; x_wconf 88' lang='grc' dir='ltr'>ατος</span> <span class='ocrx_word' id='word_1_316' title='bbox 2005 4301 2053 4355; x_wconf 83' lang='grc'><em>0</em></span> <span class='ocrx_word' id='word_1_317' title='bbox 2092 4303 2114 4367; x_wconf 88' lang='grc' dir='ltr'>ΙΙ</span> <span class='ocrx_word' id='word_1_318' title='bbox 2163 4303 2246 4353; x_wconf 85' lang='lat'>20.</span> <span class='ocrx_word' id='word_1_319' title='bbox 2291 4300 2445 4353; x_wconf 75' lang='grc' dir='ltr'>ἱππό-</span> 
     </span>
    </p>
   </div>
   <div class='ocr_carea' id='block_1_8' title="bbox 176 4369 2444 4580">
    <p class='ocr_par' dir='ltr' id='par_1_8' title="bbox 176 4369 2440 4580">
     <span class='ocr_line' id='line_1_35' title="bbox 176 4369 2440 4441; baseline 0.004 -25"><span class='ocrx_word' id='word_1_320' title='bbox 176 4380 296 4416; x_wconf 81' lang='grc' dir='ltr'>ται-</span> <span class='ocrx_word' id='word_1_321' title='bbox 319 4369 375 4419; x_wconf 78' lang='lat'>21</span> <span class='ocrx_word' id='word_1_322' title='bbox 407 4387 471 4438; x_wconf 76' lang='grc' dir='ltr'>με</span> <span class='ocrx_word' id='word_1_323' title='bbox 570 4386 683 4422; x_wconf 87' lang='grc' dir='ltr'>ουσι</span> <span class='ocrx_word' id='word_1_324' title='bbox 717 4386 827 4422; x_wconf 85' lang='lat' dir='ltr'>om.</span> <span class='ocrx_word' id='word_1_325' title='bbox 856 4369 927 4423; x_wconf 73' lang='lat'>1²1</span> <span class='ocrx_word' id='word_1_326' title='bbox 1005 4372 1028 4434; x_wconf 87' lang='grc' dir='ltr'>ΙΙ</span> <span class='ocrx_word' id='word_1_327' title='bbox 1123 4370 1204 4421; x_wconf 85' lang='grc'>21.</span> <span class='ocrx_word' id='word_1_328' title='bbox 1260 4370 1348 4441; x_wconf 76' lang='grc' dir='ltr'>αἰχ</span> <span class='ocrx_word' id='word_1_329' title='bbox 1353 4370 1587 4441; x_wconf 80' lang='grc' dir='ltr'>μωφόροι</span> <span class='ocrx_word' id='word_1_330' title='bbox 1622 4373 1761 4440; x_wconf 83' lang='lat' dir='ltr'><strong><em>Apr.</em></strong></span> <span class='ocrx_word' id='word_1_331' title='bbox 1770 4373 1906 4440; x_wconf 82' lang='lat' dir='ltr'><em>Bpr.</em></span> <span class='ocrx_word' id='word_1_332' title='bbox 2006 4370 2029 4435; x_wconf 90' lang='grc' dir='ltr'>ΙΙ</span> <span class='ocrx_word' id='word_1_333' title='bbox 2133 4370 2339 4440; x_wconf 82' lang='grc' dir='ltr'>σάγαρις</span> <span class='ocrx_word' id='word_1_334' title='bbox 2383 4370 2440 4434; x_wconf 81' lang='lat'>0,</span> 
     </span>
     <span class='ocr_line' id='line_1_36' title="bbox 182 4436 2444 4580; baseline 0 -91"><span class='ocrx_word' id='word_1_335' title='bbox 182 4436 417 4572; x_wconf 48' lang='grc' dir='ltr'>θὲεγγάῦρεὲς</span> <span class='ocrx_word' id='word_1_336' title='bbox 491 4507 582 4580; x_wconf 46' lang='grc' dir='ltr'>ἄρα</span> <span class='ocrx_word' id='word_1_337' title='bbox 611 4440 635 4504; x_wconf 85' lang='grc' dir='ltr'>ΙΙ</span> <span class='ocrx_word' id='word_1_338' title='bbox 655 4439 768 4563; x_wconf 59' lang='grc' dir='ltr'><strong>ᾱξῖ.</strong></span> <span class='ocrx_word' id='word_1_339' title='bbox 804 4437 1055 4511; x_wconf 74' lang='grc' dir='ltr'>χρέωνται</span> <span class='ocrx_word' id='word_1_340' title='bbox 1079 4439 1241 4494; x_wconf 72' lang='lat'><em>1302:</em></span> <span class='ocrx_word' id='word_1_341' title='bbox 1267 4447 1491 4512; x_wconf 81' lang='grc' dir='ltr'>χρῶνται</span> <span class='ocrx_word' id='word_1_342' title='bbox 1539 4441 1562 4505; x_wconf 86' lang='grc' dir='ltr'>ΙΙ</span> <span class='ocrx_word' id='word_1_343' title='bbox 1610 4440 1694 4492; x_wconf 84' lang='grc'>23.</span> <span class='ocrx_word' id='word_1_344' title='bbox 1731 4439 1892 4512; x_wconf 73' lang='grc' dir='ltr'>ἄρδις]</span> <span class='ocrx_word' id='word_1_345' title='bbox 1923 4437 2093 4511; x_wconf 78' lang='grc' dir='ltr'>ἅρδεις</span> <span class='ocrx_word' id='word_1_346' title='bbox 2117 4457 2161 4503; x_wconf 76' lang='lat' dir='ltr'>z,</span> <span class='ocrx_word' id='word_1_347' title='bbox 2193 4438 2444 4513; x_wconf 80' lang='grc' dir='ltr'>φαρέτρας</span> 
     </span>
     <span class='ocr_line' id='line_1_37' title="bbox 397 4525 631 4579; baseline 0 -12"><span class='ocrx_word' id='word_1_348' title='bbox 397 4525 491 4579; x_wconf 74' lang='grc' dir='ltr'>αττ</span> <span class='ocrx_word' id='word_1_349' title='bbox 585 4525 631 4567; x_wconf 73' lang='grc' dir='ltr'>ις</span> 
     </span>
    </p>
   </div>
  </div>
 </body>
</html>
